3154 5076
773 347 808 400 23

215 514 409 596 significatas
431 536 495 584 esse
528 517 733 598 existumans3
761 537 832 584 cum
864 537 938 585 voca
971 514 1083 606 ἐπῳδὴ
1120 521 1224 604 petius
1256 521 1364 585 inean-

214 619 349 684 tatienas
375 619 517 702 magicae
538 619 578 684 ad
606 621 816 686 amoliendum
847 623 988 686 morbum
1016 623 1107 704 aptae
1140 620 1363 704 significentur,

214 721 251 786 ut
273 719 365 786 Gloel
392 720 426 798 (l.
454 720 475 785 1.
500 739 528 802 p.
556 718 610 802 55)
638 720 727 802 vidit,
761 720 908 804 delegans
935 722 975 786 ad
997 721 1087 786 Pind.
1113 722 1205 806 Pyth.
1228 721 1285 804 Ill,
1312 722 1361 785 51.

214 820 292 904 (91).
325 820 417 904 Soph.
441 821 490 886 Αἰ.
514 822 584 886 582.
639 820 757 901 Quibus
785 821 861 886 locis
889 822 1010 888 adicere
1043 823 1116 888 licet
1144 823 1217 889 Eur.
1246 822 1362 886 Phoen.

217 923 312 988 1260:
335 919 441 1008 φίλτρ’
465 919 613 1006 ἐπῳδῶν,
636 922 667 985 et
690 920 849 987 Plutarch.
867 923 971 989 Amat.
989 925 1042 988 ld:
1064 921 1122 1011 τήν
1145 921 1180 988 δὲ
1203 917 1363 1007 deauratio

212 1023 337 1106 μανίαν,
362 1060 399 1070 -
423 1013 462 1088 οὗ
487 1015 609 1087 Μοῦσά
631 1044 689 1101 τις,
720 1011 782 1087 οσίι
804 1017 916 1107 ἐπῳδὴ
939 1022 1134 1111 θελκτήριος
1157 1022 1362 1108 καθίστησιν.

212 1125 278 1192 lam
293 1125 334 1195 ,si
360 1124 527 1206 Euripidae
554 1124 648 1188 verba
673 1123 750 1188 satis
777 1123 915 1188 dilucida
947 1117 1043 1190 νόσον
1072 1123 1298 1210 καιοοιρέφου
1331 1126 1362 1189 et

213 1220 392 1311 φανήσεταί
417 1247 450 1288 τι
471 1223 569 1308 τῆσδε
590 1217 765 1308 φάρμακον
793 1216 892 1288 νόσον
920 1225 952 1290 in
976 1225 1129 1290 rationem
1150 1225 1280 1305 vocaris,
1304 1225 1362 1290 du·

212 1326 298 1392 bium
330 1344 395 1392 esse
427 1326 543 1408 nequit,
579 1326 654 1408 quin
682 1326 773 1408 poeta
802 1325 840 1390 de
870 1326 977 1390 morbo
1011 1325 1200 1408 depellendo,
1234 1345 1295 1393 non
1324 1327 1362 1391 de

212 1447 316 1492 amere
342 1427 381 1494 ad
409 1427 500 1492 finem
529 1426 724 1509 perducendo
752 1426 908 1508 cogitarit.
953 1427 1020 1508 Quo
1047 1427 1249 1493 fundamento
1275 1427 1362 1492 laba-

212 1527 295 1592 facto
326 1547 466 1594 corruere
496 1528 613 1608 totum,
647 1527 729 1610 quod
761 1528 810 1592 vir
843 1529 952 1592 dectus
980 1528 1078 1594 falsae
1110 1528 1183 1593 huic
1209 1529 1361 1612 interpre-

211 1629 327 1694 tationi
347 1629 585 1711 transponendis
610 1629 748 1693 uersibus
770 1628 976 1710 superstruxit
996 1628 1175 1707 artificium,
1203 1628 1236 1693 in
1256 1630 1360 1712 aprico

212 1731 274 1804 est;
303 1731 339 1794 ut
361 1731 483 1796 taceam
504 1729 541 1794 de
562 1729 702 1795 versibus
724 1730 869 1793 513-15
892 1730 958 1794 eius
979 1729 1094 1794 iudicio
1117 1731 1276 1795 Phaedrae
1302 1730 1361 1794 tri·

211 1829 349 1907 buendis‚
378 1830 415 1895 de
437 1849 498 1913 qua
521 1829 698 1895 coniectura
720 1830 826 1894 aetum
848 1830 905 1894 est.
937 1865 974 1874 —
1007 1829 1147 1913 Denique
1168 1831 1202 1896 in
1224 1832 1360 1897 medium

210 1930 366 2012 proferens
400 1931 611 1997 coniecturam
639 1930 717 1994 mihi
753 1930 828 1995 elim
859 1931 1038 2012 probatam:
1078 1931 1184 1996 eiectis
1221 1932 1360 1997 uersibus

212 2033 356 2097 509-15
378 2034 455 2099 istos
477 2034 614 2117 quinque
636 2052 742 2098 versus
757 2034 902 2098 477-81
929 2034 1076 2100 hocloco
1098 2031 1276 2098 inserendos
1297 2050 1361 2098 esse

211 2135 404 2201 antevertere
415 2135 500 2201 volui
512 2136 583 2200 aliis
595 2134 668 2200 huic
683 2134 941 2200 transmutationi
953 2135 1058 2199 forsan
1071 2133 1213 2199 ueritatis
1228 2134 1360 2216 speciem

210 2254 271 2300 non
294 2236 555 2302 abiudicantibus.
585 2235 645 2314 Me,
671 2235 696 2299 si
720 2254 789 2300 eam
809 2235 912 2300 adhuc
933 2235 1105 2316 probarem,
1132 2233 1166 2298 in
1189 2235 1358 2316 peculiaria

210 2355 279 2401 mea
303 2338 488 2420 argumenta
509 2337 702 2403 saeviturum
725 2355 797 2415 esse,
825 2355 886 2402 non
909 2337 964 2413 est,
1001 2354 1056 2400 cur
1077 2335 1211 2417 amplius
1233 2334 1359 2400 demon-

209 2437 313 2503 strem.
369 2438 532 2521 Frigidum
565 2437 643 2502 esset
677 2437 831 2502 nutricem
863 2436 996 2502 infacete
1029 2435 1230 2502 mentientem
1263 2437 1294 2501 et
1321 2455 1359 2500 ne

173 2563 177 2570 ·
210 2538 366 2604 leuissimo
389 2538 513 2622 quidem
536 2540 616 2603 nutu
642 2538 784 2604 fallacias
814 2538 994 2620 prodentem
1022 2537 1175 2602 inducere.
1220 2537 1359 2621 Accedit,

210 2639 292 2722 quod
314 2640 456 2705 Phaedra
489 2641 643 2705 nutricem
671 2641 708 2704 de
739 2640 874 2704 remedie
905 2639 1041 2722 quedam
1073 2639 1178 2705 furturo
1212 2658 1359 2722 suspensa

210 2741 304 2806 verba
325 2741 489 2806 facientem
523 2760 585 2806 non
615 2740 661 2805 ite
683 2740 882 2822 interpellare
903 2741 1014 2821 potest,
1049 2740 1139 2820 quasi
1159 2740 1279 2803 certum
1302 2740 1358 2804 ali-

209 2841 292 2924 quod
313 2841 484 2907 remedium
505 2841 570 2906 iam
591 2840 631 2906 ad
658 2860 768 2906 manus
796 2841 847 2906 sit.
883 2876 923 2886 —
956 2841 1067 2922 Itaque
1100 2841 1202 2922 persto
1230 2840 1263 2904 in
1291 2859 1357 2904 sen·

210 2942 310 3008 tentia
326 2961 394 3008 mea
410 2942 582 3026 adscriptos
605 2961 669 3008 esse
690 2943 746 3006 hos
768 2961 873 3007 versus
896 2961 931 3006 ex
945 2943 1047 3023 priore
1066 2940 1184 3016 fabula,
1208 2941 1357 3006 aleetere
1409 2928 1416 2939 ’

208 3041 362 3121 uidelicet,
390 3042 444 3126 qui
465 3043 581 3108 nutrici
603 3042 643 3108 ad
670 3060 807 3107 amorem
829 3041 1010 3107 adhortanti
1032 3043 1199 3123 opponeret
1220 3042 1364 3108 diversos·

208 3143 340 3207 nutricis
361 3162 498 3208 amorem
521 3161 712 3225 compescere
729 3142 871 3208 conantis
893 3160 993 3207 mores
1014 3142 1047 3207 in
1063 3142 1163 3207 altera
1175 3144 1356 3227 Hippolyto,

207 3246 244 3309 ut
273 3264 333 3310 nen
360 3245 442 3310 male
473 3245 604 3311 coniecit
626 3244 779 3310 Barthold
809 3245 881 3324 (Rh.
906 3245 985 3308 Mus.
1011 3243 1119 3309 XXXI
1148 3261 1176 3324 p.
1200 3244 1262 3308 328
1287 3245 1356 3324 aq).

208 3345 337 3428 -lam,
359 3365 397 3411 ne
420 3348 572 3430 epilogus,
594 3347 648 3429 qui
672 3365 773 3410 meam
795 3346 893 3410 totius
915 3363 1046 3410 scaenae
1067 3345 1358 3428 interpretationem

209 3448 412 3531 commendet,
435 3447 634 3530 desideretur,
657 3465 742 3528 roge,
767 3465 841 3509 num
864 3445 939 3510 haec
961 3446 1114 3528 exquisita
1129 3446 1357 3528 quodammodo

207 3548 298 3626 ratio,
323 3568 384 3631 qua
406 3547 578 3631 Euripides,
602 3547 770 3612 artificium
792 3547 971 3629 excogitans
989 3547 1078 3630 quasi
1093 3546 1357 3612 subauscultando

207 3669 226 3714 a
249 3649 361 3714 natura
384 3650 554 3732 acceptum,
589 3649 686 3714 animi
709 3649 869 3714 muliebris
897 3647 1059 3714 affectibus
1081 3648 1166 3713 vario
1190 3650 1281 3714 medo
1304 3648 1358 3714 de·

205 3750 371 3832 pingendis
386 3751 501 3817 subtile
522 3751 647 3833 tegmen
665 3751 806 3833 quaerat,
831 3749 895 3814 cius
918 3748 1043 3831 ingenio
1066 3749 1169 3814 minus
1186 3749 1282 3832 digna
1306 3751 1356 3836 sit,

208 3869 301 3934 quam
317 3851 343 3915 si
358 3852 477 3934 pingui,
500 3852 537 3915 ut
551 3850 650 3930 aiunt,
672 3850 813 3916 Minerva
835 3850 996 3916 heroinam
1016 3849 1181 3914 manifesto
1204 3851 1235 3914 et
1250 3853 1357 3932 aperte

207 3950 247 4015 ad
269 3951 430 4016 libidinem
453 3953 578 4034 raptam
605 3952 636 4014 et
658 3951 856 4033 praecipitem
883 3950 982 4014 latam
1011 3948 1169 4014 finxisset?
1216 3949 1263 4014 Ne
1288 3951 1357 4033 quis

206 4051 306 4134 igitur
336 4052 519 4134 respoudeat
551 4069 612 4117 non
648 4052 785 4134 potuisse
818 4069 973 4116 summam
1006 4049 1105 4114 totius
1135 4050 1356 4133 tragoediaca

206 4153 297 4234 pocta
320 4154 465 4236 ambigue
489 4153 658 4235 expositam
690 4171 763 4217 essa.
816 4150 874 4218 Cui
906 4151 939 4213 in
966 4170 1059 4216 cavea
1088 4150 1248 4216 oculorum
1275 4151 1357 4216 acies

207 4272 269 4317 non
293 4255 403 4320 obtusa
426 4255 501 4335 arat,
533 4255 561 4319 ei
583 4256 665 4321 certe
687 4273 747 4319 non
775 4254 807 4318 iu
830 4252 977 4335 ambiguo
1005 4251 1247 4335 relinquebatur,
1282 4253 1356 4336 quid

206 4355 297 4440 poeta
319 4354 427 4434 rellet;
449 4356 631 4440 praesertim
651 4375 722 4422 curm
742 4355 781 4421 ad
803 4355 943 4422 futurum
967 4354 1111 4424 eventum
1132 4354 1354 4422 illustrandum
