3154 5076
752 389 788 444 25

198 578 322 643 prorsus
342 579 462 627 necesse
486 564 532 626 est
554 560 593 626 ad
616 579 711 625 unum
736 561 872 644 quidque
894 560 1081 644 singillatim
1105 561 1228 643 referre,
1262 559 1343 642 quod

199 681 235 726 ex
268 679 437 745 paucorum
471 663 719 744 fragmentorum
754 663 986 745 comparatione
1022 662 1164 728 universe
1196 660 1342 744 emergit:

198 763 387 845 Euripidem,
411 781 481 827 cum
503 764 605 829 totam
626 763 767 828 fabulam
788 763 982 842 retractaret,
1011 783 1073 829 non
1093 763 1219 828 tantum
1242 781 1346 828 emen·
1420 827 1422 832 s

198 864 286 929 daret
308 882 345 929 ac
365 864 542 948 perpoliret,
565 864 658 930 etiam
681 864 714 928 in
736 865 890 930 similibus
912 866 961 930 his
981 866 1110 943 scaenis,
1139 882 1210 928 oum
1232 863 1345 946 quibus

198 965 375 1048 fragmenta
408 965 670 1048 comparationem
698 966 880 1046 admittunt,
915 966 979 1032 alia
1011 966 1143 1030 alteram
1178 963 1345 1029 editionem

198 1067 297 1132 forma
320 1065 466 1131 induisse.
498 1065 670 1149 Componas
692 1066 784 1131 modo
805 1066 866 1148 frg.
889 1067 951 1131 442
973 1068 1078 1150 aperte
1100 1085 1135 1131 er
1149 1066 1258 1130 Thesei
1274 1083 1345 1129 cum

198 1165 263 1232 filio
286 1167 489 1233 altercatione
518 1168 677 1250 sumptum
710 1187 781 1232 oum
808 1169 947 1233 versibus
970 1166 1142 1234 Coroniferi
1164 1168 1225 1232 925
1248 1185 1292 1250 sq.
1313 1166 1345 1231 et

199 1324 297 1373 amant
315 1324 449 1388 repetere,
473 1316 563 1389 ‘quod
582 1320 754 1375 fastidiosius
773 1325 855 1375 antea
873 1321 932 1389 ipse
951 1321 1088 1390 spreverit
1109 1320 1270 1374 adulescens
1288 1319 1345 1374 vir·

198 1426 268 1477 gove
283 1413 408 1462 amantes
422 1414 505 1477 atque
520 1409 662 1479 Cupidinis
673 1409 842 1479 Venerisque
856 1414 1024 1479 potestatem
1037 1405 1174 1477 eluserit’‚
1187 1415 1220 1463 ut
1231 1409 1346 1477 Dilthey

199 1497 233 1551 de
251 1495 320 1550 Call.
340 1496 406 1566 dyo.
425 1514 451 1566 p.
472 1500 506 1551 43
526 1498 732 1552 animadvertit.
768 1498 867 1567 Itaque
886 1497 1050 1568 Propertius
1068 1499 1192 1567 primum
1210 1497 1346 1566 Cynthiae

197 1585 293 1640 landes
326 1603 426 1640 canens
457 1587 499 1640 ita
530 1585 554 1652 I,
586 1589 610 1639 1.
639 1589 668 1640 31
705 1585 781 1641 ‘tum
817 1587 887 1641 mihi
922 1589 1075 1643 constantis
1108 1589 1209 1644 deiecit
1240 1587 1346 1642 lumina

199 1669 293 1726 fastus¹
315 1672 364 1741 (cf.
386 1671 409 1740 1,
428 1674 452 1725 7.
470 1675 504 1727 25
525 1674 577 1742 sq.)
597 1678 626 1728 et
644 1673 754 1728 Racinii
771 1675 899 1729 Phaedra
918 1675 1049 1730 insolenti
1078 1675 1152 1729 iaetu
1181 1693 1346 1745 quocunque

199 1761 280 1816 modo
298 1765 394 1830 potest
412 1762 441 1815 in
459 1762 622 1834 privignum
641 1763 738 1824 saevit.
764 1768 913 1832 antequam
931 1781 1055 1818 amorem
1073 1763 1205 1818 fateatur.
1242 1764 1345 1820 Heine:

197 1848 252 1904 ‘Sie
272 1849 357 1904 sahen
389 1850 448 1904 sich
477 1869 513 1905 an
543 1869 573 1906 so
601 1852 745 1920 feindlioh;
771 1853 830 1906 und
860 1853 974 1908 wollten
1002 1871 1054 1908 vor
1082 1852 1169 1908 Liebe
1199 1848 1345 1924 vergehn'.

198 1939 304 1993 Goethe
324 1938 496 2008 (Gretchen):
524 1938 603 1994 ‘Und
621 1945 719 2010 regnet
737 1941 811 1994 mich
830 1940 888 1994 und
908 1941 971 1995 that
989 1958 1019 1995 so
1035 1959 1123 2012 gross,
1145 1943 1202 1996 und
1220 1942 1270 1995 bin
1287 1960 1346 1995 nnn

198 2027 284 2082 selbst
302 2027 354 2081 der
372 2026 465 2082 Siinde
482 2024 575 2083 bloss'.
613 2028 667 2083 Sed
679 2030 741 2098 plus
755 2030 840 2083 etiam
853 2030 940 2097 abest,
962 2034 995 2084 ut
1009 2048 1104 2086 versus
1119 2030 1250 2086 Ouidiani
1264 2033 1345 2100 leq:

346 2122 391 2171 ter
409 2122 501 2172 tecum
521 2122 620 2173 conata
638 2117 725 2187 loqui,
746 2122 791 2171 ter
809 2119 917 2172 inutilis
935 2118 1024 2173 haesit

398 2206 503 2276 lingua,
522 2210 566 2260 ter
586 2206 616 2259 in
634 2205 726 2275 primo
744 2207 854 2260 destitit
873 2225 921 2262 ore
940 2225 1022 2262 sonus

197 2311 242 2347 me
259 2294 510 2349 commonefaciant
523 2295 609 2348 trium
621 2295 760 2364 graduum
776 2295 972 2364 distinctionis,
988 2296 1089 2365 quibus
1101 2297 1210 2368 tragica
1220 2297 1346 2352 Phaedra

198 2399 225 2435 v.
245 2383 297 2434 392
316 2399 356 2451 sq.
377 2388 476 2436 conata
494 2383 531 2436 eit
552 2400 679 2438 coercere
696 2401 827 2452 amorem,
851 2403 886 2439 ne
905 2384 1066 2455 delegatum
1095 2404 1158 2441 cum
1177 2387 1232 2440 alia
1251 2385 1347 2440 Ovidii

199 2469 326 2539 exempla
353 2472 474 2540 probent
498 2475 615 2541 propter
640 2489 787 2528 numerum
810 2474 964 2528 ternarium
985 2474 1057 2528 nihil
1076 2475 1213 2530 reconditi
1234 2475 1347 2543 anquiri

199 2558 310 2613 debere.
363 2558 402 2613 Cf.
430 2559 497 2614 Met.
526 2559 580 2628 XI,
609 2561 673 2616 419:
710 2557 768 2615 ‘ter
802 2565 901 2616 conata
939 2562 1028 2632 loqui,
1068 2566 1112 2618 ter
1145 2563 1257 2617 fletibus
1296 2580 1347 2618 ora

197 2641 324 2716 rigavit'.
360 2647 500 2702 Nimirum
524 2648 577 2702 hoc
600 2666 715 2702 numero
739 2650 845 2719 impare
874 2654 957 2719 poete
981 2651 1087 2720 gaudet
1113 2650 1160 2717 (cf.
1180 2653 1276 2705 Amor.
1295 2650 1345 2717 III,

198 2735 222 2788 6.
242 2736 285 2789 69.
321 2735 388 2790 Her.
408 2736 481 2804 XIV,
499 2738 540 2791 45.
577 2737 699 2804 Mean,
719 2739 779 2791 270.
811 2737 845 2806 X,
866 2740 926 2792 452.
960 2739 1033 2807 XIV,
1051 2739 1113 2804 387)
1144 2740 1346 2809 praeeuntibus

197 2823 396 2878 Alexandrinis
416 2823 460 2893 (cf.
476 2824 569 2893 Apoll.
589 2824 679 2878 Rhod.
699 2827 765 2895 Arg.
785 2825 834 2886 III,
855 2826 915 2880 654.
949 2825 1111 2881 callimach.
1131 2826 1223 2895 hymn.
1247 2827 1266 2880 i.
1285 2827 1346 2882 (ier.

201 2913 242 2966 13.
264 2915 304 2965 15.
324 2913 380 2983 frg.
400 2915 451 2991 l89
471 2913 590 2981 Schn).¹
611 2915 705 2968 Altius
723 2914 777 2968 hoc
795 2915 885 2983 repeti
903 2919 1009 2984 potest,
1029 2915 1167 2970 Pindarus
1184 2916 1258 2970 enim
1276 2934 1345 2986 pau·

198 3019 295 3057 corum
314 3003 464 3057 verborum
483 3005 756 3074 argumentationem
771 3003 929 3074 significans
946 3003 1033 3058 canit:
1053 3010 1113 3073 τρία
1126 3006 1195 3058 ἔπεα
1208 3005 1347 3074 διαρκέσει

198 3091 289 3158 (Nem.
307 3090 369 3160 VII,
387 3093 430 3146 48.
450 3092 502 3159 70).
544 3092 741 3161 Aristophanis
763 3092 962 3162 Pheidippides
988 3093 1122 3146 baronem
1145 3091 1278 3147 sciuisse
1304 3079 1366 3146 in-'

199 3179 293 3235 dicat:
324 3175 383 3234 οὐδ’
412 3173 448 3234 r'r'v
471 3180 523 3250 τρί’
553 3184 641 3234 εἰπεῖν
667 3175 772 3251 ῥήμαθ’
801 3175 858 3240 οἶός
879 3179 902 3233 τ’
926 3172 960 3247 ἦν
984 3185 1051 3250 πρὶν
1072 3181 1233 3252 ἐξαμαρτεῖν
1263 3180 1346 3250 (Nun.

200 3268 294 3338 1402),
331 3270 405 3323 unde
434 3268 567 3323 Latinum
599 3269 779 3338 proverbium
811 3273 918 3322 ortum:
951 3269 1008 3324 tria
1036 3269 1122 3323 verba
1157 3286 1213 3323 non
1253 3272 1347 3339 potest

198 3356 315 3426 iungere
336 3357 409 3427 (Sen.
427 3358 480 3427 Ep.
498 3359 542 3412 40.
562 3360 585 3411 9.
617 3358 657 3412 cf.
676 3359 790 3427 Apocol.
810 3360 852 3411 11.
872 3357 896 3410 3.
924 3357 1046 3413 Martial.
1066 3356 1112 3425 VI,
1132 3358 1175 3411 54.
1193 3357 1230 3426 2).
1251 3357 1346 3420 γΕ1111·

197 3444 289 3513 pides:
309 3451 378 3514 τρεῖς
397 3449 467 3499 aloto
484 3442 580 3515 ἀρεταί
595 3445 661 3516 (srg.
680 3449 741 3507 219,
761 3447 797 3500 cf.
816 3445 872 3516 ing.
892 3447 963 3515 287).
1001 3444 1132 3500 Schiller:
1151 3444 1229 3500 'Drei
1247 3444 1346 3500 Worte

198 3533 280 3586 nenn’
299 3533 345 3588 ich
364 3534 433 3589 euch
451 3531 678 3590 inhaltsschwer'.
715 3535 822 3590 Eodem
845 3537 989 3606 pertinent
1011 3540 1068 3590 tres
1087 3534 1228 3604 Propertii
1247 3534 1345 3604 libelli,

202 3638 270 3690 quos
289 3622 318 3675 in
335 3639 439 3692 pompa
457 3623 651 3693 Persephonae
668 3625 741 3678 dona
760 3624 856 3679 afferri
875 3627 937 3679 vult
954 3623 1015 3694 (III,
1035 3625 1076 3678 13.
1096 3625 1131 3676 25
1151 3622 1204 3692 lh).
1237 3623 1279 3677 De
1298 3640 1345 3677 vo·

199 3709 278 3764 cibus
305 3715 453 3781 rplrproxcp
477 3717 505 3767 et
528 3712 664 3766 similibus
691 3713 728 3766 cf.
748 3713 822 3768 Suet.
842 3715 886 3768 ed.
906 3713 1068 3768 Reiffersch.
1090 3712 1144 3782 frg.
1167 3712 1216 3764 175
1237 3729 1265 3780 p.
1285 3713 1346 3765 455.

197 3797 302 3852 Notum
321 3803 415 3852 autem
434 3803 476 3853 est
493 3818 640 3855 numerum
658 3802 813 3856 ternarium
831 3805 934 3855 τέλειον
951 3801 1037 3856 fuisse
1055 3800 1102 3870 (ol.
1121 3799 1211 3854 Schol.
1229 3799 1346 3854 Theocr.

198 3887 234 3956 11,
257 3889 302 3940 43.
331 3886 365 3956 V,
384 3888 423 3941 18.
443 3889 485 3941 30.
528 3887 604 3942 Jahn
622 3889 707 3943 Arch.
732 3889 865 3960 Beitriige
882 3908 909 3959 p.
930 3890 1001 3958 125).
1021 3919 1053 3928 -
1074 3889 1201 3957 Denique
1220 3889 1269 3942 vix
1296 3892 1346 3956 est,

197 3977 273 4045 quod
298 3993 428 4032 moneam
452 3974 617 4030 Ovidianam
640 3978 762 4046 puellam
787 3979 817 4031 in
838 3979 942 4032 scelera
960 3977 1059 4046 utique
1076 3993 1194 4046 pronam
1213 3993 1280 4044 esse,
1298 3977 1346 4046 qui

198 4079 289 4116 mores
308 4062 452 4116 Phaedrae
471 4064 500 4117 in
519 4069 630 4119 servata
649 4064 744 4119 fabula
764 4083 820 4120 non
839 4070 916 4134 sunt;
934 4065 1006 4119 nihil
1024 4065 1072 4120 illa
1091 4065 1240 4120 defutura
1257 4068 1347 4119 morte

197 4150 378 4220 vaticinatur,
397 4158 432 4204 ut
450 4153 575 4222 reliquae
588 4153 725 4208 heroinee
743 4154 788 4216 (cf.
808 4154 930 4222 Dilthey.
949 4154 967 4208 l.
978 4154 996 4206 l.
1015 4171 1043 4223 p.
1056 4154 1127 4223 117).
1164 4152 1244 4220 Quod
1256 4154 1346 4222 priori

198 4238 342 4293 Phaedrae
362 4256 476 4308 prorsus
495 4241 735 4296 accommodatum
754 4246 804 4306 est,
834 4243 938 4312 quippe
964 4259 1035 4311 quae
1053 4241 1088 4296 ad
1106 4241 1263 4296 satiandum
1282 4242 1345 4296 libi·

197 4327 291 4381 dinem
314 4328 394 4382 unice
419 4331 628 4400 promptissima
648 4331 682 4384 de
705 4337 796 4385 morte
814 4331 937 4385 nondum
956 4331 1074 4401 cogitet,
1102 4329 1235 4410 abhorret
1253 4330 1288 4386 ab
1307 4331 1346 4385 al·

195 4419 259 4472 tera
274 4416 463 4475 moderatiore
481 4423 600 4474 mortem
618 4435 727 4490 semper
744 4419 775 4472 in
794 4437 842 4475 ore
860 4420 988 4474 habente.
