3142 5074
795 389 831 442 78

239 560 343 643 lepida
365 579 402 626 ac
422 560 525 625 taetra
547 559 641 624 simul
662 559 801 642 imagine
822 558 906 625 filiae
928 559 968 625 ad
990 559 1111 641 patrem
1138 560 1303 642 rogantem
1325 576 1390 624 sese

240 661 428 744 applicantis
447 660 584 725 suaviter
605 659 791 725 blandiendo
814 660 1094 743 respondendoque‚
1127 679 1160 725 se
1182 661 1283 725 ulrum
1307 659 1387 742 pat'

239 762 372 829 similem
394 764 500 846 optare
521 763 647 827 63641
681 763 718 826 In
743 763 854 845 quihus
877 763 1020 828 omnibus
1043 782 1125 844 sero,
1148 781 1186 828 ne
1208 762 1388 845 caligemus,

239 863 303 929 iam
335 863 440 945 paullo
471 862 565 928 altior
596 863 712 947 indago
745 863 917 946 flagitatur,
953 882 1027 928 num
1051 863 1182 930 Ovidius
1207 863 1238 926 in
1261 862 1389 957 reliquis

239 964 429 1030 narrationis
449 963 590 1046 partibus
616 983 686 1028 oum
712 984 774 1030 uno
797 965 995 1046 potissimum
1019 966 1144 1030 nostrae
1165 962 1290 1029 fabulae
1314 981 1389 1028 auc-

238 1069 306 1133 tore
328 1066 482 1150 conspiret
504 1068 536 1131 et
557 1067 709 1149 quatenus
731 1068 771 1132 ah
792 1069 945 1133 Antonini
968 1069 1095 1134 auctore
1115 1065 1248 1132 recedat.

339 1167 488 1233 Mrordior
518 1168 700 1242 anominis
731 1169 897 1252 stirpisque
930 1170 1105 1234 recensione
1137 1167 1270 1234 testibus
1301 1167 1388 1231 iuxta

239 1269 398 1353 ponendis.
421 1269 549 1353 Myrrha
572 1268 703 1352 Cinyrae
726 1269 909 1353 Cypriorum
931 1271 1014 1354 regis
1036 1269 1114 1335 lilia:
1143 1268 1200 1335 Ov.
1223 1269 1284 1333 298
1306 1287 1352 1351 sq.
1369 1269 1388 1346 ¹,

238 1370 323 1436 Serv.
339 1372 432 1454 Verg.
450 1372 526 1435 Bac.
548 1369 586 1450 X,
611 1372 658 1436 18.
703 1371 806 1436 Mater
829 1371 991 1438 Cenchreis
1013 1374 1060 1437 est
1074 1370 1186 1437 Ouidio
1209 1370 1336 1435 auctore
1358 1387 1387 1434 6.

237 1473 310 1536 435.
334 1507 373 1518 -
395 1470 523 1554 Myrrha
547 1469 679 1556 Cinyrae
702 1471 782 1537 filia:
805 1471 889 1538 Serv.
908 1473 1000 1555 Verg.
1025 1473 1163 1551 henli,
1187 1473 1260 1550 72²,
1284 1469 1386 1536 Schol.

239 1572 392 1638 Theocrit.
404 1572 429 1647 I,
446 1573 516 1650 107,
539 1573 592 1637 uhi
604 1574 704 1638 mater
716 1573 848 1656 Smyrna
860 1573 1044 1656 appellatur.
1057 1609 1090 1620 -
1103 1572 1232 1657 Myrrha
1243 1571 1386 1636 Thiantis

237 1673 318 1738 filia:
352 1673 454 1739 Schol.
478 1673 626 1756 Lycophr.
649 1674 736 1739 Alex.
766 1675 837 1753 828,
865 1675 1058 1756 Nicephorus
1081 1673 1247 1757 Progymn.
1281 1672 1385 1749 (Walz

238 1777 329 1842 Rhet.
354 1769 407 1841 Cr.
430 1776 445 1840 Ι
467 1795 495 1859 p.
517 1776 594 1851 429;
617 1776 683 1840 cod.
706 1768 840 1856 etnam,
864 1774 967 1841 Schol.
990 1775 1121 1858 Oppian.
1143 1775 1311 1840 Halieutin
1328 1774 1385 1851 ΙΙΙ,

237 1880 301 1944 403
330 1876 382 1962 (cf.
404 1876 504 1943 Graue
530 1877 567 1942 de
590 1877 730 1942 Adonide
763 1898 792 1960 p.
815 1879 858 1959 5).
913 1877 1072 1962 Myrrham
1104 1877 1235 1942 Nonnus
1268 1895 1386 1958 semper

238 1979 358 2044 Adonis
379 1980 512 2044 matrem
533 1979 675 2043 nominat
699 1979 752 2057 (cf.
776 1979 902 2063 Dionys.
924 1978 965 2060 ΙΙ,
982 1979 1051 2042 151.
1074 1978 1191 2062 XXIX,
1207 1979 1267 2043 135
1290 1997 1315 2042 e.
1331 1977 1386 2057 s.);

160 2093 163 2102 '
236 2083 312 2146 item
331 2081 510 2164 Lycophron
526 2080 613 2146 Alex.
634 2082 706 2159 829,
729 2080 909 2164 Propertius
930 2081 984 2159 IV,
1003 2082 1049 2144 19.
1075 2082 1115 2144 16
1129 2080 1169 2144 Η.
1191 2079 1385 2161 -Smyrna

238 2181 368 2266 Cinyrae
390 2182 586 2265 Assyriorum
609 2182 691 2265 regis
713 2181 743 2246 61
766 2180 963 2247 Cenchreidis
985 2182 1067 2248 iilia:
1089 2181 1205 2266 Hygin.
1228 2181 1249 2246 i.
1272 2182 1313 2246 58
1332 2180 1384 2261 (cl.
1440 2222 1449 2248 .
1560 2249 1561 2268 ,

237 2284 258 2348 f.
271 2285 374 2370 242)⁴.
398 2275 530 2367 Smyrna
553 2283 687 2366 Cinyrae
710 2282 787 2348 lilia:
812 2283 897 2347 Plut.
917 2283 1034 2348 Parall.
1056 2284 1097 2346 22
1120 2283 1284 2364 (Stobaeus
1300 2281 1383 2346 I'lor.

237 2385 286 2449 64.
310 2385 375 2462 34).
418 2385 533 2449 Auton.
555 2384 654 2449 Liber.
678 2383 699 2447 l.
722 2384 760 2448 l:
801 2382 957 2460 Θείαντος
982 2385 1041 2448 τοῦ
1065 2377 1176 2467 Βήλου
1208 2381 1262 2447 καὶ
1285 2372 1384 2464 Ὠρει-

235 2483 335 2562 θυίας
355 2487 431 2566 μιᾶς
456 2486 522 2548 τῶν
548 2483 687 2570 νυμφῶν
709 2479 836 2566 ἐγένετο
859 2479 1005 2569 θυγάτηρ
1029 2482 1062 2550 ἐν
1083 2487 1130 2569 τῷ
1157 2474 1228 2567 ὄρει
1249 2486 1296 2570 τῷ
1318 2487 1384 2548 Λι-

235 2579 324 2671 βάνῳ
345 2579 475 2667 Σμύρνα
487 2589 508 2651 ⁵.
545 2585 685 2668 Denique
707 2586 813 2651 Helvii
835 2586 952 2652 Cinnae
974 2588 1163 2671 memoraie,
1185 2586 1269 2669 apud
1291 2604 1383 2669 quem

220 2685 339 2770 ‘puella
359 2687 434 2753 item
449 2687 582 2770 Smyrna
606 2687 655 2753 vel
669 2687 804 2771 Zmyrna
825 2688 943 2754 auditi.
966 2724 996 2735 -
1014 2689 1050 2753 In
1074 2687 1263 2754 nominanda
1285 2687 1384 2768 igitur

336 2923 345 2955 ¹
365 2921 397 2975 ln
416 2922 506 2992 Cypro
525 2939 589 2976 eum
607 2940 738 2994 regnasse
757 2923 872 2980 Ovidius
890 2942 947 2979 non
964 2941 1093 2995 expresse
1106 2923 1220 2992 quidem
1233 2924 1315 2992 dioit;
1334 2925 1383 2979 aed

234 3028 268 3066 ex
287 3010 400 3065 silentio
417 3011 490 3065 hano
508 3011 768 3080 interpretationem
789 3013 916 3084 colligas,
940 3030 1003 3066 oum
1022 3016 1105 3066 antea
1123 3011 1158 3065 de
1176 3011 1229 3067 hac
1246 3011 1336 3066 insula
1355 3016 1384 3067 61

234 3099 269 3153 de
287 3098 393 3167 Paphio
411 3099 495 3153 heroe
511 3099 621 3153 1666166
640 3099 685 3153 611.
734 3099 861 3170 Accedit,
887 3101 963 3170 qnod
981 3119 1008 3155 v.
1028 3100 1080 3154 299
1098 3098 1250 3158 denotatur
1268 3117 1383 3169 prover·

232 3188 312 3242 bium
330 3187 401 3241 illud
411 3181 528 3256 Κινύρου
540 3182 739 3258 πλουσιώτερος
756 3189 793 3243 ad
812 3189 978 3258 Cypriorum
996 3207 1091 3260 regem
1110 3189 1230 3244 relatum
1250 3187 1296 3256 (of.
1316 3188 1382 3242 Par·

233 3275 366 3346 oemiogr.
385 3275 513 3345 Append.
538 3275 585 3344 IV,
604 3277 646 3329 68.
685 3277 766 3332 Sohn.
795 3282 824 3332 61
842 3278 906 3331 Ι1.Ι
931 3297 958 3348 p.
978 3279 1039 3332 450.
1068 3277 1222 3349 Diogenian
1241 3277 1316 3346 VIII,
1339 3277 1382 3331 53.

233 3362 315 3419 86116.
335 3366 364 3417 61
384 3362 415 3416 L.
435 3362 449 3415 1
468 3379 494 3431 p.
514 3362 587 3431 816).

334 3452 345 3483 ²
362 3451 408 3505 Ab
428 3451 481 3504 hoc
500 3449 589 3504 Servii
610 3451 670 3506 loco
689 3454 814 3522 pendent
830 3454 928 3509 breves
942 3454 1170 3508 narratiunculae
1182 3452 1381 3523 Mythograph.

233 3539 323 3594 Vatia.
342 3540 364 3604 1,
383 3542 445 3594 200.
464 3538 497 3605 11,
517 3541 560 3593 84.
579 3540 629 3607 Ill,
651 3544 680 3593 ll
701 3541 763 3611 (17).

333 3626 550 3696 ³Nicephorum
576 3629 612 3683 ad
632 3633 727 3698 partes
752 3648 832 3700 voco,
861 3631 927 3700 quia
946 3631 1099 3686 verisimile
1120 3633 1163 3684 eat
1181 3647 1244 3684 eum
1264 3647 1298 3684 ex
1316 3630 1381 3684 Ale·

232 3716 370 3771 xandrino
390 3716 469 3770 fonte
487 3716 619 3772 hausisse.

333 3807 344 3838 ⁴
364 3804 457 3859 Sciens
477 3805 576 3861 omitto
595 3805 701 3876 Hygini
718 3805 844 3861 fabulam
866 3811 923 3863 164,
954 3807 1033 3876 Quod
1046 3809 1087 3862 ibi
1100 3809 1134 3863 de
1147 3809 1305 3878 Myrrha-
1316 3827 1381 3864 nam

232 3893 272 3949 616
289 3893 452 3947 6616166166
471 3923 503 3932 -
521 3894 653 3962 16611166,
673 3911 708 3948 ex
727 3893 876 3965 Fulgentio
895 3896 945 3966 ΙΙΙ,
965 3899 983 3951 8
999 3897 1111 3968 Hygino
1130 3901 1254 3952 66661661
1272 3901 1326 3966 661;
1346 3897 1381 3952 cf.

232 3982 268 4036 M.
289 3981 438 4036 Schmidtii
456 3982 499 4036 ed.
519 4000 545 4050 p.
568 3985 609 4037 18.

333 4070 471 4124 ⁶Fanum
490 4070 605 4125 Veneris
628 4071 658 4124 in
681 4070 792 4125 Libano
820 4077 915 4127 monte
938 4090 955 4127 a
977 4073 1098 4128 Thiante
1125 4074 1231 4129 factum
1262 4093 1380 4130 comme·

232 4161 324 4210 morat
342 4157 483 4213 Lucienus
502 4158 573 4227 (Syr.
588 4158 622 4212 D.
641 4158 677 4228 9),
696 4161 745 4227 qui
765 4160 794 4213 in
813 4160 886 4214 libro
905 4161 940 4216 de
959 4163 1109 4216 saltatione
1128 4163 1163 4232 (c.
1176 4165 1222 4232 68)
1235 4164 1380 4233 Myrrham

232 4243 264 4297 ἐν
279 4249 393 4318 Φοινίκῃ
411 4247 488 4300 (11611.
525 4246 628 4315 Byblos
646 4247 714 4301 urbs
734 4242 852 4316 Μύρρυς
869 4243 937 4302 ἄστυ
955 4253 1072 4304 vocatur
1099 4249 1200 4319 (Schol.
1220 4251 1285 4320 Lyo.
1304 4252 1323 4306 l.
1343 4250 1380 4323 1.),

232 4332 309 4387 cuins
327 4349 386 4402 rex,
405 4335 429 4389 61
448 4335 614 4389 Strabonem
633 4334 719 4405 (XVI,
737 4336 801 4405 766)
820 4336 906 4403 andis,
926 4338 1041 4407 Cinyras
1060 4338 1159 4393 fertur.

333 4421 530 4502 66166166.
553 4423 714 4479 Ρ661.1161.
738 4425 806 4480 Min.
831 4444 859 4495 p.
882 4428 933 4480 168
951 4444 992 4496 sq.
1021 4457 1053 4466 —
1081 4428 1132 4481 His
1160 4427 1232 4482 addo
1255 4427 1379 4484 Probum
