3154 5076
792 369 830 424 44

236 540 268 604 et
290 558 318 605 1.
340 541 403 605 209
422 559 486 622 sq.:

386 659 442 704 cur
463 640 494 704 in
511 640 636 722 penates
659 639 760 704 rarius
782 640 890 705 tenues
912 641 996 706 subit

385 743 460 807 1111
482 741 632 806 delicatas
654 741 771 824 eligens
793 741 887 823 pestis
910 741 1039 806 domes?
1061 761 1087 807 1.
1111 763 1138 825 q.
1162 763 1185 808 s.

238 841 604 907 Aceemmodatissimum
628 843 733 906 autem
756 841 796 906 ad
818 843 998 925 tragoediae
1013 843 1201 926 dignitatem
1225 843 1319 909 etiam
1342 845 1386 925 id,

237 943 320 1025 qnod
351 944 470 1021 chorus,
505 943 560 1024 qui
587 942 678 1007 modo
708 960 817 1008 caecae
845 943 988 1008 fortunae
1014 944 1151 1009 ludibria
1179 944 1385 1027 exprobravit,

238 1043 300 1107 iam
325 1043 373 1108 his
394 1043 686 1108 ratiocinationibus
708 1043 812 1126 priora
834 1044 974 1109 convicia
996 1044 1087 1126 quasi
1111 1045 1299 1127 compensat.
1341 1045 1387 1109 At

238 1143 363 1222 Seneca,
385 1145 439 1226 qui
461 1144 562 1209 totam
582 1144 795 1209 oeconomiam
816 1144 850 1207 in
873 1143 934 1209 fine
956 1143 1082 1210 fabulae
1104 1145 1251 1223 mutavit,
1275 1143 1386 1210 Graeci

238 1244 419 1326 exemplaris
452 1245 597 1310 subtilem
631 1244 872 1326 argumentandi
906 1245 1099 1328 elegantiam
1130 1245 1278 1328 aboleuit,
1315 1264 1385 1310 curn

237 1345 403 1411 decantata
438 1346 607 1411 sententia:
653 1343 842 1410 ‘Fortunam
880 1346 960 1410 nulli
995 1347 1087 1412 fidem
1122 1339 1299 1430 praestare'
1336 1349 1387 1414 in-

239 1447 398 1513 commode
417 1447 560 1513 immixta
582 1447 622 1513 ad
644 1448 794 1512 Theseum
820 1449 1002 1530 provocavit
1024 1466 1053 1513 1.
1078 1450 1157 1514 1141
1181 1469 1228 1533 sq.
1265 1452 1315 1517 Ad
1336 1471 1387 1517 ex-

237 1551 381 1626 tremum,
414 1549 440 1614 si
472 1549 555 1614 recte
587 1549 689 1614 adhuc
722 1549 890 1632 disputavi,
924 1549 956 1613 in
992 1551 1093 1632 priore
1121 1551 1291 1636 Hippolyto
1324 1571 1387 1620 non

238 1651 400 1733 legebatur
428 1651 617 1716 retractatae
646 1650 771 1715 fabulae
796 1649 946 1715 stasimon
969 1652 1116 1732 quartum
1141 1653 1212 1735 post
1240 1653 1386 1718 nuntium

239 1750 276 1814 de
297 1749 460 1834 Hippolyti
483 1752 592 1816 morte.
643 1751 693 1815 An
718 1751 754 1814 tn
782 1750 840 1815 hoc
867 1750 934 1815 loco
961 1752 1087 1816 Amoris
1119 1754 1283 1835 praeconia
1313 1772 1387 1836 gra-

238 1853 310 1916 vate
332 1850 540 1916 desiderares?
583 1851 662 1915 Mihi
693 1850 820 1934 quidem
845 1869 965 1933 semper
991 1853 1091 1917 visum
1127 1854 1174 1917 est
1206 1855 1238 1918 in
1261 1854 1388 1920 Amoris

237 1953 298 2017 ista
321 1951 501 2016 laudatione
521 1970 631 2033 pamm
654 1953 726 2033 1111
747 1951 905 2016 inculcata
929 1987 965 1997 -
989 1971 1062 2017 uam
1087 1952 1190 2018 Venus
1213 1971 1274 2019 non
1297 1955 1387 2036 pueri

238 2053 287 2117 sui
308 2051 415 2116 divina
443 2052 547 2135 gratia
580 2071 617 2117 ac
641 2053 804 2118 venustate
836 2053 958 2117 heroem
981 2053 1111 2128 domuit,
1146 2053 1199 2118 sed
1232 2054 1386 2121 malarum

238 2153 356 2218 artium
390 2154 497 2234 aperta
524 2153 555 2216 11
585 2154 738 2218 insontem
774 2153 923 2236 oppressit
953 2189 988 2200 -·
1012 2155 1154 2218 suturam
1187 2155 1387 2239 neglegenter

238 2254 427 2318 retractatae
448 2254 526 2318 artis
548 2255 735 2319 delitescere.
779 2253 837 2320 Oui
865 2255 1033 2336 suspicioni
1055 2253 1170 2319 Seneca
1202 2255 1261 2320 hec
1293 2256 1386 2321 choro

237 2354 339 2437 priore
361 2354 429 2419 leco
450 2355 565 2420 abusus
588 2355 678 2421 valde
700 2355 863 2420 succurrit.

339 2455 386 2520 De
407 2455 566 2538 Sophoclis
589 2455 741 2534 Phaedra,
764 2455 897 2538 quaein
920 2456 979 2521 hac
1001 2455 1038 2520 de
1061 2455 1241 2540 Hippolytis
1262 2455 1388 2540 Euripi·

238 2555 303 2620 deis
326 2555 537 2638 disputatione
559 2557 691 2622 alicuius
706 2556 856 2621 momenti
878 2575 942 2622 esse
960 2556 1114 2634 videatur,
1137 2575 1236 2638 pauca
1251 2576 1326 2639 opus
1341 2559 1388 2623 est

239 2655 395 2736 disserere,
411 2658 579 2740 autequam
591 2676 729 2740 pergam.
753 2657 853 2739 Quam
866 2657 990 2741 quidem
1003 2657 1142 2722 fabulam
1155 2658 1209 2740 qni
1221 2658 1386 2738 1111111111,

239 2755 351 2838 quibus
383 2758 517 2840 benigna
546 2777 612 2823 sors
642 2759 730 2838 11111,
764 2758 907 2823 frustulis
937 2759 1037 2840 iisqne
1066 2758 1233 2823 maximam
1267 2761 1388 2843 partem

238 2858 432 2938 generalibus
457 2860 673 2942 habilibusque
696 2858 728 2923 in
757 2878 880 2924 omnem
906 2861 1026 2942 partem
1056 2859 1218 2924 sententiis
1252 2878 1305 2943 per
1331 2879 1387 2924 sua

239 2959 327 3041 qnasi
364 2959 507 3025 tabulata
541 2959 740 3024 exaedificare
774 2961 936 3042 conentur,
972 2977 1092 3038 vereor,
1130 2978 1168 3024 ne
1197 2959 1324 3025 videant
1354 2960 1386 3024 in

238 3059 353 3125 somnis
385 3061 537 3144 quidquid
570 3060 735 3139 voluerint,
776 3061 888 3144 quibus
922 3061 1110 3125 coniectores
1143 3059 1281 3125 defuturi
1314 3061 1387 3126 sint.

239 3160 379 3225 Welcher
411 3164 526 3236 autem,
557 3163 736 3244 ingeniosus
763 3163 817 3226 ille
848 3161 1010 3226 divinandi
1036 3153 1165 3243 artilex:
1196 3160 1229 3224 in
1256 3161 1387 3243 inexpli-

239 3262 352 3328 cabilia
374 3261 500 3328 dumeta
521 3263 667 3345 abreptus
690 3263 745 3341 est,
780 3279 851 3325 cnm
873 3261 1067 3343 Asclepiadis
1095 3261 1322 3340 consarcinata,
1353 3263 1387 3325 ut

239 3364 421 3444 videbimus,
455 3364 634 3429 narratione
663 3364 700 3429 ad
732 3363 941 3428 oeconomiam
971 3362 1096 3428 fabulae
1124 3361 1313 3444 Sophocleae
1339 3363 1388 3428 iu·

239 3467 441 3531 staurandam
471 3466 609 3532 uteretur
639 3467 669 3530 et
697 3464 844 3530 Ovidium
872 3464 903 3528 in
933 3465 1046 3546 quarta
1074 3463 1209 3529 Heroide
1239 3463 1279 3528 ad
1309 3465 1389 3529 hanc

237 3567 336 3649 ipsam
351 3566 490 3632 fabulam
508 3585 540 3632 se
554 3567 739 3648 applicuisse
754 3566 891 3630 censeret
904 3568 923 3629 ¹.
953 3565 1046 3629 Hunc
1062 3565 1088 3628 si
1105 3563 1205 3637 audis,
1227 3563 1388 3630 Phaedrae

239 3667 425 3749 Sophocleae
447 3686 546 3734 mores
568 3687 629 3732 nou
657 3666 826 3732 admodum
849 3665 963 3730 diversi
990 3665 1116 3730 luerunt
1143 3665 1182 3730 ab
1204 3664 1389 3748 Hnripideae

340 3951 351 3982 ¹
368 3949 401 4004 L.
419 3951 437 4004 l.
456 3968 483 4020 p.
504 3951 557 4004 394
576 3969 667 4020 11-
686 3951 778 4005 Hiller
796 3952 853 4005 1.1.
874 3951 950 4021 134
968 3967 1009 4019 sq.
1027 3949 1099 4003 nihil
1117 3948 1177 4018 fere
1195 3950 1261 4004 novi
1280 3951 1388 4021 attulit,

239 4038 294 4092 nisi
313 4039 387 4106 qnod
406 4037 537 4093 Senecam
561 4044 673 4109 praeter
692 4039 877 4109 Hippolytum
903 4039 1088 4109 posteriorem
1107 4037 1251 4107 Sophoclis
1277 4043 1388 4110 tragoe-

238 4129 313 4183 diam
342 4129 460 4183 fortasse
490 4129 595 4182 imitari
619 4133 696 4182 ratus
720 4132 764 4181 est
791 4129 828 4198 (p.
848 4127 901 4197 48).
938 4126 1018 4181 Τ1111
1046 4126 1103 4180 lam
1131 4127 1215 4180 missa
1241 4127 1386 4181 faciamus.

239 4218 340 4272 Swahn
359 4218 405 4287 (de
421 4219 569 4287 Hippolyti
588 4216 707 4272 Senecae
726 4217 822 4271 fabula
840 4218 852 4270 l
872 4216 964 4272 Helm.
988 4217 1066 4281 1857)
1090 4215 1158 4269 item
1177 4214 1323 4268 contendit
1341 4213 1388 4268 Se·

238 4325 335 4362 necarn
358 4306 501 4375 Sophoclis
521 4305 676 4360 Phaedram
695 4305 810 4360 imitari.
853 4305 927 4358 Mihi
952 4323 1009 4359 non
1034 4304 1115 4358 licuit
1138 4304 1196 4358 eius
1221 4304 1325 4357 librum
1345 4303 1386 4356 in-

229 4394 414 4464 Χ1111111;11.
434 4393 544 4449 Teuffel
563 4393 644 4448 Ram.
663 4392 913 4464 Litteraturgesch.
933 4393 972 4462 (3)
990 4393 1005 4460 S
1025 4393 1087 4446 290.
1105 4393 1130 4447 6.
