3154 5076
811 411 846 466 66

253 581 383 657 τέκνον;
404 578 437 644 τί
456 577 492 644 δέ
513 579 673 644 τοσοῦτον
693 571 874 666 ἤπόριγσαι,Ι
896 572 1001 664 γράφε
1016 576 1070 642 καὶ
1085 573 1216 662 θάρρει,
1239 579 1293 646 καὶ
1308 578 1402 661 δέχου

253 705 294 764 με
327 683 368 770 τῇ
397 679 490 767 χρείᾳ
522 672 696 746 διάκονον’.
752 679 876 744 Πείθει
909 672 967 767 τήν
998 678 1142 763 Φαίδραν
1173 677 1318 746 εἰποῦσα
1349 681 1403 745 καὶ

255 775 386 863 οἴχεται.
429 782 514 864 Quae
541 783 646 847 omnia
678 782 704 846 si
732 781 771 848 ad
797 781 945 863 imaginis
972 781 1138 848 veritatem
1165 802 1309 849 revocare
1335 785 1403 847 stu-

254 884 367 967 dueris,
392 903 515 966 operam
537 884 567 948 et
590 883 691 948 oleum
715 884 832 966 perdes,
855 902 925 948 cum
942 883 1127 966 sophisticae
1141 882 1219 948 artis
1235 884 1403 966 pigmentis

254 986 390 1067 undique
412 984 458 1049 ita
481 984 578 1050 oblita
602 984 674 1063 sint,
706 985 743 1048 ut
765 985 816 1050 uix
836 984 979 1067 cognosci
1001 985 1108 1066 posspt
1136 983 1210 1066 quid
1232 984 1338 1050 lateat.
1362 1022 1400 1030 -

250 1085 360 1151 Altera
389 1104 500 1151 scaena
528 1085 731 1168 Hippolytum
780 1085 924 1164 ostendit,
948 1085 998 1150 oui
1025 1085 1130 1149 nutrix
1152 1083 1403 1158 inter'uenatum

253 1186 418 1270 epistulam
439 1186 558 1261 reddit;
588 1187 641 1252 ille
663 1189 767 1252 autern
789 1187 921 1252 tabellas
949 1187 1073 1269 proicit:
1108 1183 1223 1271 ἀφίησι
1252 1185 1311 1268 μὲν
1338 1190 1404 1251 τῶν

252 1289 370 1369 χειρῶν
391 1288 445 1352 καὶ
464 1282 682 1369 βδελύττεται,
704 1287 758 1352 καὶ
779 1291 884 1352 κεῖται
899 1288 955 1352 νῦν
968 1281 1125 1370 κατεαγός
1144 1289 1257 1367 (Boias
1274 1309 1303 1372 p.
1319 1291 1403 1370 165).

193 1451 197 1458 ,
254 1389 384 1456 Ovidius
406 1390 539 1455 similem
564 1409 707 1456 scaenam
729 1389 870 1454 illustrat
891 1389 929 1454 do
945 1388 1051 1456 Cauno
1072 1408 1203 1454 narrans
1225 1408 1254 1455 y.
1270 1390 1331 1454 575
1343 1409 1403 1472 sq.:

357 1491 470 1574 proicit
491 1492 633 1573 acceptas
654 1492 735 1556 lecta
757 1490 816 1556 sibi
838 1491 927 1574 parte
947 1490 1079 1555 tabellas

354 1591 467 1673 vixque
489 1610 599 1656 manus
622 1591 759 1656 retinens
779 1591 966 1673 trepidantis
989 1591 1028 1656 ab
1051 1610 1103 1656 ore
1124 1591 1260 1656 ministri

353 1690 446 1756 ‘dum
467 1692 550 1770 licet,
573 1711 590 1756 o
613 1692 729 1758 vetitae
754 1692 901 1757 scelerate
922 1691 1060 1756 libidinis
1083 1694 1201 1772 auctor,

357 1782 488 1875 effuget'
509 1793 569 1858 ait:
588 1791 668 1876 ‘qui‚
692 1795 718 1858 si
738 1795 880 1858 nostrum
904 1794 959 1857 tua
986 1793 1052 1858 fata
1075 1794 1223 1876 pudorem
1410 1871 1414 1880 .

357 1913 416 1958 non
441 1894 600 1959 traherent
622 1913 735 1974 secum,
762 1913 875 1977 poenas
897 1894 974 1959 mibi
996 1896 1096 1960 morte
1118 1885 1296 1984 dedisses1'.

256 1995 344 2077 Quod
375 1994 500 2060 Caunus
527 1996 676 2074 minatur,
710 1995 842 2060 rhetoris
869 1996 1059 2078 Hippolytus
1088 2015 1182 2077 paene
1215 1996 1255 2060 ad
1287 1996 1404 2062 exitum

256 2096 394 2175 adducit,
429 2115 498 2162 cum
533 2097 640 2162 comiti
674 2097 827 2161 nutricem
859 2096 976 2178 tradat,
1010 2097 1059 2161 eui
1089 2097 1210 2162 olavam
1238 2097 1404 2182 impingat.

255 2198 312 2262 lllo
334 2199 438 2263 autom
452 2199 582 2264 mirifico
599 2198 780 2276 dolectatus,
804 2198 878 2280 quia
900 2191 959 2284 τὴν
980 2186 1157 2262 ἀκολασίαν
1178 2200 1278 2281 μισεῖ,
1301 2198 1404 2264 lenam

254 2301 432 2366 verberibus
454 2299 541 2364 foede
568 2301 697 2365 mulcat.
741 2301 827 2365 Num
848 2301 944 2365 talem
968 2300 1186 2384 virgidemiam
1208 2300 1320 2383 pictori
1344 2299 1404 2363 im-

254 2401 401 2482 putabis?
445 2401 610 2482 Hcphresis
643 2401 747 2466 anatem
779 2401 825 2466 ita
858 2401 978 2484 incipit,
1012 2401 1102 2484 quasi
1131 2402 1241 2467 auctor
1256 2389 1404 2482 ’Ἑρωτος

255 2494 413 2583 έγκώμιον
434 2501 606 2583 scripturus
629 2501 737 2566 fuerit:
752 2489 859 2583 ’Ἔρως
881 2499 917 2565 δὲ
938 2499 992 2564 καὶ
1007 2490 1153 2584 ’Ἑρωτος
1167 2496 1207 2564 τά
1221 2495 1414 2582 τοξεύματα

255 2594 388 2677 πάντως
410 2600 511 2687 φοιτᾷ
531 2599 585 2664 καὶ
606 2594 659 2665 διὰ
680 2595 813 2664 πάντων
835 2599 1003 2685 διέρχεται,
1026 2599 1080 2664 καὶ
1100 2592 1197 2666 ου’δὲ2
1212 2597 1296 2678 Ζεδς
1312 2596 1403 2666 ἐλεό-

256 2706 368 2782 δερυς,
391 2695 470 2766 ὅταν
492 2699 653 2766 ἐθέλωσιν
667 2691 811 2784 Ἔρωτες
833 2702 899 2768 κτλ.
933 2703 1046 2769 Latent
1061 2704 1219 2786 Euripidis
1234 2703 1407 2768 sententiae

256 2803 327 2885 Hip.
349 2804 411 2868 447
433 2823 478 2886 sq.
504 2805 585 2869 1268
610 2823 654 2886 sq.
679 2804 739 2886 srg.
762 2805 834 2886 434,
859 2805 912 2887 qui
935 2805 1031 2869 etiam
1052 2805 1085 2868 in
1108 2823 1142 2868 eo
1165 2804 1406 2886 recognoscitur,

255 2904 338 2987 quod
361 2893 520 2972 Pb'aadraa
542 2924 652 2986 corpus
675 2905 805 2970 vocatur
827 2907 923 2986 σῶμα
944 2901 1170 2988 στηριγμάτων
1193 2899 1408 2986 έπιδεόμενον

256 3005 368 3086 (Boiss
391 3025 420 3088 p.
445 3007 521 3083 1623
544 3006 583 3070 cl.
607 3006 680 3074 Eur.
703 3005 776 3086 Hip.
801 3006 860 3070 198
882 3006 940 3087 sq.)
975 3007 1007 3069 et
1034 3013 1138 3092 πῆχυς
1159 2999 1270 3070 πάθει
1291 3005 1407 3087 λυόμε-

256 3129 320 3182 νος.
354 3106 435 3172 Nam
459 3107 625 3190 Euripides
640 3107 783 3172 Phaedra
804 3107 998 3172 lamentatur
1020 3108 1041 3172 l.
1064 3106 1101 3173 l.:
1123 3105 1257 3188 λέλυμαι
1278 3105 1405 3188 μελέαν

230 3200 427 3289 ,σύνδεσμα
461 3243 501 3252 -
534 3207 674 3289 Denique
702 3206 783 3272 addo
811 3207 884 3271 hoc:
931 3207 1073 3273 Phaedra
1106 3208 1238 3272 rhetoris
1271 3207 1407 3290 concipit

255 3307 361 3390 iguem
387 3307 524 3391 privigni
557 3307 726 3388 imaginem
760 3307 899 3386 intuens,
936 3327 1009 3372 nam
1046 3308 1143 3372 Amor
1174 3305 1317 3372 δείκνυσι
1349 3330 1407 3387 με-

255 3406 380 3491 τέωρον
402 3405 436 3471 έν
455 3401 623 3488 χρώμασιν
644 3401 705 3471 τόν
724 3401 919 3470 Ἱππόλυτον
943 3445 984 3454 -
1014 3408 1127 3472 mirum
1156 3409 1224 3492 hoc,
1259 3409 1406 3492 qnoniam

257 3510 290 3574 in
314 3509 420 3575 eadem
441 3508 589 3590 imaginis
612 3527 683 3574 area
706 3508 837 3591 epistula
867 3509 1027 3574 scribenda
1055 3510 1206 3591 occupata
1234 3528 1298 3574 osse
1320 3509 1407 3575 uide-

358 3729 367 3761 ¹
388 3729 496 3783 Similia
522 3728 640 3782 fortusse
666 3728 834 3798 Hippolytus
854 3728 968 3782 Veletus
994 3728 1123 3797 protulit,
1152 3728 1201 3782 ubi
1230 3728 1256 3782 ei
1279 3727 1407 3782 Phaedra

257 3817 411 3886 supplicem
440 3833 468 3870 se
495 3816 622 3884 proiecit.
659 3815 730 3870 Nam
759 3817 829 3870 talia
858 3816 959 3885 pudico
987 3816 1082 3870 iuveni
1108 3817 1197 3886 magis
1225 3817 1405 3884 conveniunt,

256 3923 340 3975 quam
362 3905 463 3975 quibus
488 3903 607 3959 Senecae
629 3905 799 3975 Hippolytus
822 3909 942 3959 matrem
971 3905 1099 3973 increpat
1126 3923 1153 3959 v.
1173 3907 1237 3960 713:
1267 3903 1408 3973 ‘abscede,

255 3996 320 4050 vive
344 4013 379 4049 ne
403 3995 470 4065 quid
493 3991 613 4050 exores'.
643 4025 676 4033 —
706 3995 835 4049 Ceterum
857 3994 1056 4051 conferendum
1074 3994 1214 4064 Agathiae
1234 3994 1407 4064 epigramma

256 4087 293 4143 εἰς
311 4079 471 4137 Ἱππόλυτον
484 4079 684 4154 διαλεγόμενον
702 4085 733 4156 τῇ
751 4083 840 4156 τραφῇ
858 4085 904 4149 τῆς
922 4083 1046 4152 Φαίδρας
1065 4083 1161 4151 (Anah.
1175 4082 1234 4136 Pal.
1254 4081 1317 4136 XVI
1332 4085 1406 4152 App.

257 4171 335 4226 Plan.
356 4173 431 4243 may:
1209 4159 1212 4166 '

404 4255 564 4320 Ἱππόλυτος
581 4261 628 4327 τῆς
644 4258 729 4330 γρηὸς
747 4261 791 4313 ἐπ’
812 4253 887 4313 οόατι
908 4261 990 4326 νηλέα
1008 4260 1103 4331 μῦθον

455 4353 622 4420 φθέγγεται·
641 4346 699 4402 ἀλλ’
719 4347 798 4420 ἡμεῖς
815 4345 847 4402 οὐ
866 4343 1030 4419 δυνάμεσθα
1048 4343 1138 4401 κλύειν
1159 4349 1215 4400 κτλ.

357 4435 432 4491 ²Sic
450 4435 538 4491 Boiss.
560 4466 590 4476 -
611 4436 678 4490 God.
697 4429 766 4490 οὔτε.
