3154 5076
751 368 786 423 4⁷

199 542 346 608 accurate
361 541 547 624 exprimunt,
570 541 653 623 quod
664 541 770 606 Venus
784 541 817 606 in
832 541 996 626 Hippolyti
1009 545 1138 626 prologo
1153 543 1191 609 de
1206 542 1360 610 Phaedra·

196 643 261 708 acri
285 641 435 707 desiderio
456 642 580 723 tepente
603 643 712 706 narrat
735 661 764 705 v.
788 643 828 706 29
851 661 912 723 sq.:

345 757 399 823 καὶ
421 757 500 840 πρὶν
521 757 580 841 μὲν
603 757 715 823 ἐλθεῖν
736 757 832 846 τήνδε
854 760 911 847 γῆν
936 757 1134 844 Τροιζηνίαν,

347 858 469 940 πέτραν
492 859 568 940 παρ’
592 849 700 942 odaria
721 854 896 937 Παλλάδος
916 853 1081 940 κατόψιον

344 960 402 1049 γῆς
422 959 521 1042 τῆσδε
544 955 620 1024 ναὸν
643 954 817 1043 Κύπριδος
841 959 1065 1044 ἐγκαθείσοιτο,

346 1059 441 1143 ἑρῶσ’
466 1057 562 1143 ἔρωτ’
587 1057 737 1147 ἔκδηλον·
779 1056 969 1147 Ἱππολύτῳ
990 1059 1019 1127 δ’
1043 1057 1100 1127 ἔπι

345 1157 384 1226 τδ
407 1158 527 1227 λοιπδν
548 1157 714 1246 ὠνόμαζεν
737 1157 894 1245 ἱδρῦσθαι
917 1155 1011 1230 θεάν.

197 1281 243 1345 De
264 1281 374 1362 templi
397 1283 520 1348 nomine
544 1281 689 1348 credibile
707 1283 965 1347 commentarium
980 1282 1156 1348 adhibitum
1173 1302 1250 1359 esse3
1272 1303 1345 1349 nam

194 1381 309 1446 similia
331 1381 502 1445 etiamnum
518 1382 550 1445 in
567 1382 692 1448 scholiis
707 1383 750 1462 (v.
766 1383 819 1461 30)
835 1381 997 1464 leguntur:
1021 1375 1155 1447 ἐκάλεσε
1171 1380 1207 1446 δὲ
1220 1373 1345 1469 Ἀφρο-

195 1481 286 1566 δίτην
308 1479 359 1566 ἐφ’
382 1475 571 1566 Ἱππολύτῳ
587 1481 606 1558 ¹,
641 1471 680 1566 ἣν
709 1480 763 1545 καὶ
792 1475 1001 1546 Ἱππολοτίαν
1030 1482 1168 1548 καλοῦσι
1177 1486 1199 1548 ².
1243 1485 1345 1550 Venus

196 1584 300 1648 autem
323 1584 426 1665 pergit
448 1602 476 1648 v.
494 1585 548 1648 34:
572 1581 646 1648 ἐπεὶ
668 1581 704 1648 δὲ
725 1576 1012 1668 Θησεδς-τὴνδε
1035 1579 1092 1649 οὑν
1113 1579 1250 1667 δάμαρτι
1271 1609 1346 1649 ναο-

197 1683 309 1750 οτολεῖ
330 1678 437 1765 χθόνα
459 1695 502 1766 lv.
525 1686 595 1764 36),
623 1685 729 1756 eodem
752 1684 843 1748 modo
866 1678 1158 1767 Asclepiadem-aig
1183 1687 1346 1772 Τροιζῆνα

195 1783 231 1851 δὲ
262 1779 399 1869 ὕστερον
432 1784 676 1869 παραγενομένη
709 1784 775 1850 κτλ.
822 1785 935 1851 Versus
968 1785 1092 1868 quidem
1125 1787 1195 1852 illos
1219 1790 1344 1854 29-33

195 1888 253 1952 hoc
281 1888 348 1953 loco
380 1888 420 1952 ab
448 1887 595 1969 Euripide
623 1886 754 1969 scriptos
784 1905 848 1951 esse
879 1888 939 1951 riri
970 1887 1053 1952 docti
1079 1889 1166 1971 quasi
1196 1907 1257 1954 nno
1292 1909 1343 1956 ore

197 1989 419 2071 negauerunt³‚
453 2008 471 2053 a
500 1988 612 2071 quibus
639 1987 693 2070 qui
720 2006 780 2052 non
811 1988 884 2066 stat,
913 2003 987 2053 ‘eum
1011 2008 1089 2073 nego
1112 1991 1207 2054 sobrii
1234 1993 1344 2058 iudicii

196 2109 268 2179 esse.
318 2087 506 2171 supersedeo
539 2089 643 2153 autem
676 2089 874 2153 decantatam
911 2090 1122 2170 quaestionem
1155 2094 1342 2178 singillatim

195 2191 372 2255 retractare.
419 2188 586 2254 Offendunt
607 2190 729 2272 praeter
751 2209 857 2254 sensus
880 2208 940 2254 non
963 2191 1066 2256 minus
1092 2194 1159 2278 ipsa
1182 2198 1283 2277 verba,
1306 2198 1343 2264 de
1402 2179 1405 2190 ’

195 2291 307 2374 quibus
323 2290 476 2356 Wheeleri
498 2290 740 2372 disputationem
763 2291 921 2372 consulas3
948 2293 1158 2376 quiquidem,
1182 2317 1251 2362 cum
1275 2317 1343 2364 ver·
1451 2313 1453 2318 ’

195 2411 263 2456 sum
285 2391 325 2455 29
347 2411 458 2456 sanum
480 2409 544 2456 esse
566 2392 742 2468 contendat,
772 2393 948 2474 suspicatur
969 2387 1237 2477 ‘interpolatorem
1260 2401 1342 2464 hunc

196 2509 318 2556 versum
333 2493 373 2557 ab
389 2491 558 2574 Hippolyto
571 2491 683 2557 Velato
703 2494 883 2559 mutuatum
906 2513 969 2560 esse
990 2495 1158 2579 integrum,
1180 2499 1342 2579 sequentes

195 2591 320 2656 30-33
353 2590 483 2657 fortasse
518 2583 720 2657 decurtatos'.
772 2593 886 2657 Mirum
919 2595 977 2659 hoo
1008 2595 1156 2678 effugium
1190 2597 1221 2661 et
1254 2598 1343 2663 valde

194 2692 387 2773 suspectum
416 2692 586 2757 debuerunt
609 2693 690 2757 enim
712 2693 752 2758 ad
773 2694 945 2759 sanandum
973 2697 1047 2777 apta
1068 2696 1208 2778 proferri.
1243 2698 1341 2777 Adde,

195 2789 278 2872 quod
306 2790 382 2856 haec
414 2791 590 2858 coniectura
623 2794 705 2858 stare
735 2795 851 2876 nequit,
885 2797 911 2858 si
944 2797 1036 2860 antea
1066 2798 1148 2862 recte
1185 2797 1342 2880 disputavi

194 2890 360 2976 Hippolyti
382 2891 486 2957 Velati
517 2912 661 2958 scaenam
684 2895 815 2960 Athenis
845 2894 948 2960 fuisse.
1003 2895 1063 2961 Sed
1095 2900 1132 2961 ut
1163 2900 1340 2978 erraverim,

194 2993 300 3057 tamen
322 2993 381 3058 tibi
403 3013 464 3058 non
486 2995 648 3078 continget
670 2995 773 3059 locum
796 2994 956 3078 indagare,
990 3015 1081 3079 quem
1107 2998 1139 3061 hi
1161 3017 1264 3063 versus
1286 3001 1365 3064 ob··

194 3093 293 3158 tinere
313 3095 481 3177 potuerint.
525 3095 609 3160 Nam
631 3096 657 3160 si
680 3097 834 3161 servatam
857 3096 1063 3180 Hippolytum
1085 3117 1212 3181 semper,
1235 3100 1271 3164 ut
1285 3118 1342 3182 par

298 3326 307 3358 ¹
326 3327 387 3382 Hoc
409 3345 510 3382 nornen
532 3346 606 3383 nunc
629 3329 700 3398 lapis
723 3331 845 3384 testatur
867 3330 897 3383 in
919 3347 983 3384 arce
1008 3329 1044 3384 ad
1068 3329 1274 3386 Parthenonem
1299 3333 1341 3386 in-

196 3418 309 3485 ventus;
327 3415 362 3469 of.
382 3415 532 3470 Kirchhoff
549 3416 577 3471 O.
599 3417 619 3470 l.
636 3420 670 3471 A.
688 3417 701 3470 I
719 3435 764 3472 no.
783 3419 843 3471 212.

294 3503 467 3559 'Historiae
491 3505 628 3560 fabularis
655 3506 826 3575 compendiis
851 3506 995 3575 adspersas
1020 3524 1077 3562 esse
1103 3507 1198 3561 doctas
1225 3507 1340 3562 adnota-

195 3589 285 3644 tiones
303 3609 338 3644 ex
357 3598 576 3648 commentatore
597 3600 705 3664 poetae,
724 3612 807 3663 quem
819 3594 989 3664 describunt,
1009 3595 1187 3665 depromptas
1200 3595 1339 3650 Schwartz

195 3677 225 3732 in
249 3678 445 3735 dissertatione
468 3681 503 3734 de
528 3681 638 3750 Dionys.
663 3681 842 3750 Scytobrach.
868 3684 971 3752 passim
995 3684 1092 3753 evicit;
1124 3684 1160 3738 cf.
1183 3685 1242 3738 eius
1266 3703 1339 3740 com·

196 3767 396 3822 mentationem
415 3769 450 3822 de
469 3769 555 3824 schol.
574 3770 653 3824 Hom.
671 3789 699 3840 p.
718 3773 779 3825 449.
1070 3783 1073 3787 ⁴

295 3855 434 3911 ⁸Primus
460 3863 503 3912 est
526 3857 601 3912 Jahn
636 3859 764 3927 (Hermes
783 3859 808 3913 II
827 3876 854 3929 p.
875 3861 949 3929 249),
976 3861 1047 3914 alter
1074 3859 1203 3915 Schliack
1228 3861 1339 3930 (Philol.

195 3942 299 3998 XXXV
324 3961 353 4013 p.
374 3947 445 4012 707).
493 3945 566 4012 Quos
590 3947 678 4001 miror
696 3947 884 4016 Wheelerum,
912 3966 975 4004 oum
1000 3947 1061 4002 fuse
1083 3947 1158 4002 huno
1179 3950 1271 4004 locum
1297 3968 1339 4006 re·

194 4033 332 4085 tractaret
352 4032 382 4099 (l.
401 4032 421 4085 l.
440 4048 466 4101 p.
477 4035 514 4085 '44
533 4037 591 4102 sq.)‚
609 4051 665 4088 non
685 4035 803 4090 novisse.
822 4065 855 4075 -
874 4036 1093 4105 Adstipnlantur
1108 4042 1256 4108 praeterea
1272 4039 1339 4093 Bar·

194 4118 275 4173 thold
293 4120 323 4172 in
338 4120 381 4174 ed.
403 4125 433 4174 et
444 4121 637 4192 Klinkenberg
649 4123 695 4191 (de
706 4122 804 4192 Eurip.
817 4124 889 4191 prol.
908 4127 960 4177 art.
981 4128 1009 4177 et
1028 4123 1128 4193 interp.
1149 4143 1175 4194 p.
1189 4128 1241 4193 12).
1261 4127 1340 4182 alost

194 4204 225 4275 (1.
244 4207 262 4260 l.
280 4225 308 4276 p.
327 4208 374 4276 59)
395 4225 421 4262 v.
440 4209 543 4262 29-31
564 4208 715 4264 defendens
743 4228 799 4264 non
823 4211 895 4265 vidit
918 4211 1049 4265 extremis
1068 4213 1193 4266 versibus
1218 4214 1338 4284 demptis

195 4294 336 4362 prioribus
360 4311 529 4364 mucronem,
559 4301 591 4350 ut
619 4297 660 4351 ita
688 4298 787 4367 dicam,
819 4297 949 4368 defringi.
992 4301 1063 4353 Arte
1090 4300 1165 4357 enim
1191 4301 1339 4365 cohaerere

195 4379 317 4452 quinque
336 4399 432 4438 versus
450 4383 580 4438 Wheeler
598 4386 797 4456 circumspecte
813 4387 954 4456 probavit.
