3154 5076
285 1235 392 1302 Novas
414 1237 470 1303 has
485 1236 680 1320 quaestiones
695 1237 840 1316 inscribo,
863 1257 924 1302 non
939 1240 1062 1304 tantum
1080 1241 1153 1323 quia
1168 1242 1334 1310 materiam

185 1338 226 1404 ab
248 1337 318 1403 aliis
340 1338 510 1403 tractatam
533 1337 711 1416 retractavi,
735 1338 787 1402 sed
811 1339 884 1422 quia
906 1339 1034 1407 insolita
1057 1342 1178 1408 ratione
1201 1345 1240 1410 ab
1256 1344 1335 1428 Hip·

185 1437 299 1522 polytis
322 1438 496 1522 Euripideis
518 1437 558 1503 ad
581 1437 703 1502 serioris
725 1439 840 1506 aetatis
861 1439 983 1506 litteras
1006 1443 1173 1509 ascendens
1196 1446 1228 1509 in
1244 1446 1334 1510 vasto

184 1539 318 1604 maxime
330 1538 558 1604 Alexandrinae
570 1539 668 1620 poesis
680 1558 788 1621 campo
800 1541 995 1622 geminarum
1008 1541 1184 1609 fabularum
1202 1547 1334 1629 vestigia

185 1639 326 1723 persequi
358 1640 487 1704 conatus
519 1658 597 1704 sum.
646 1640 728 1704 Nam
761 1640 816 1722 qui
846 1640 1009 1725 Hippolyti
1044 1642 1185 1710 fabulam
1219 1646 1335 1711 exami-

185 1740 279 1819 narit,
303 1740 456 1824 quomodo
478 1760 496 1806 a
517 1741 614 1822 poetis
633 1743 664 1805 et
683 1741 722 1806 ab
737 1741 909 1807 artificibus
923 1743 1060 1809 tractata
1079 1745 1130 1823 sit,
1152 1746 1234 1829 qnod
1258 1745 1334 1810 olim

184 1841 218 1906 in
240 1841 346 1906 libello
370 1841 506 1923 praemio
529 1842 638 1906 ornato
661 1841 814 1925 praestiti,
837 1861 908 1908 cum
929 1861 990 1908 non
1010 1843 1120 1927 fugiet,
1145 1850 1335 1931 quantopere

187 1944 319 2027 utraque
340 1941 498 2024 Euripidis
523 1942 630 2008 fabula
661 1943 755 2008 etiam
786 1945 872 2008 extra
901 1943 977 2009 fines
1005 1946 1128 2012 Atticos
1154 1950 1184 2013 et
1206 1949 1334 2016 audien-

187 2043 266 2108 tium
292 2045 324 2109 et
349 2043 522 2127 legentium
548 2039 899 2111 animos-commoverit.
922 2081 964 2092 -
986 2047 1094 2130 Neque
1121 2068 1192 2115 vero
1214 2051 1335 2115 incom-

188 2145 276 2210 mode
298 2145 376 2210 mibi
397 2145 503 2210 videor
525 2147 618 2212 antea
639 2147 806 2212 nonnullas
828 2147 866 2211 de
893 2150 1016 2213 servata
1039 2148 1203 2234 Hippolyti
1227 2150 1334 2216 fabule

186 2246 391 2328 quaestiones,
413 2265 493 2328 quae
513 2249 674 2330 praecipue
696 2247 735 2312 ad
757 2267 957 2330 personarum
973 2267 1073 2314 mores
1091 2250 1242 2331 spectant,
1265 2268 1334 2333 pro-

185 2365 307 2430 ponere,
331 2366 401 2413 cum
420 2347 504 2425 illae,
527 2349 552 2412 si
575 2365 655 2429 qnae
677 2366 823 2431 unquam,
852 2367 913 2413 non
936 2349 1014 2414 certi
1035 2349 1213 2432 singulique
1234 2349 1334 2415 homi·

185 2466 239 2512 nes
269 2449 342 2525 sint,
375 2449 428 2532 qui
461 2449 554 2513 semel
582 2449 724 2527 vixerint,
759 2448 812 2514 sed
839 2450 942 2532 potius
969 2450 1009 2515 ad
1036 2451 1154 2515 certum
1178 2448 1333 2532 quoddam

185 2551 347 2616 hominum
361 2569 459 2634 genus
474 2551 650 2632 pertineant
661 2554 679 2616 ¹.
724 2550 775 2616 An
791 2570 852 2617 non
867 2552 1033 2636 intellegis,
1055 2552 1245 2634 quantopere
1258 2551 1335 2616 haec

184 2671 233 2716 res
255 2652 465 2716 imitationem
487 2651 635 2718 adiuvare
657 2652 822 2718 debuerit?
866 2653 943 2718 Inde
964 2655 1070 2718 autem
1093 2653 1132 2718 ad
1156 2651 1335 2736 tragoediae

186 2751 361 2835 deperditae
379 2753 549 2834 imaginem
571 2753 845 2837 redintegrandam
862 2755 1016 2837 progressi
1038 2755 1102 2820 iam
1116 2753 1288 2837 paratiores
1304 2753 1335 2817 et

186 2853 274 2937 quasi
296 2856 404 2937 sponte
425 2855 465 2920 ad
487 2855 617 2920 alteram
640 2855 730 2921 illam
745 2856 972 2922 dissertationis
987 2858 1109 2939 partem
1124 2855 1334 2921 traducemur.
1376 2855 1380 2864 '

743 3211 769 3278 1.

284 3399 462 3482 Euripidem
485 3399 579 3465 ctiam
602 3400 668 3465 sine
690 3399 806 3464 diserto
828 3399 1016 3478 testimonio,
1042 3399 1124 3483 quod
1146 3399 1265 3466 facetus
1281 3401 1335 3466 ille

184 3501 322 3565 comicus
345 3500 545 3566 Atheniensis
569 3501 629 3583 ipsi
650 3501 803 3567 invidioso
825 3501 947 3566 aemulo
976 3501 1091 3565 subicit
1117 3500 1229 3584 (Arist.
1253 3502 1333 3566 Ran.

184 3603 269 3680 959),
303 3603 450 3668 sciremus
483 3601 522 3668 ad
545 3602 749 3667 domesticam
783 3603 814 3667 et
846 3621 1042 3668 communem
1078 3602 1177 3667 vitam
1215 3598 1335 3684 (οἰκεῖα

184 3697 372 3786 πράγματα)
405 3704 545 3769 animum
578 3704 710 3769 maxime
744 3705 910 3770 rettulisse.
955 3703 1022 3785 Quo
1052 3703 1169 3770 factum
1197 3705 1253 3787 est,
1288 3704 1334 3780 ut,

185 3823 256 3870 cum
286 3805 326 3870 ab
359 3805 426 3888 ipsa
460 3804 526 3871 vita
558 3805 744 3878 colores.ad
775 3797 903 3871 heroum
936 3823 1079 3870 scaenam
1112 3805 1333 3870 illustrandam

184 3907 328 3986 sumeret,
360 3907 393 3970 in
423 3925 529 3972 eorum
556 3906 694 3973 moribus
722 3901 929 3972 describendis
958 3906 1073 3972 saeculi
1106 3906 1154 3972 sui
1187 3907 1332 3972 naturam

183 4007 380 4093 indolemque
402 4008 524 4092 saepius
546 4008 736 4093 exprimeret.
789 4008 876 4073 Licet
904 4007 1003 4091 igitur
1032 4009 1123 4089 poeta
1154 4005 1188 4071 in
1213 4007 1333 4090 Hippo·

287 4257 296 4289 ¹
316 4257 378 4312 Hoc
394 4256 558 4328 Lessingius
572 4256 684 4326 (Hamb.
704 4255 830 4310 Dramat.
851 4254 885 4310 N.
896 4255 942 4325 95)
961 4255 1014 4309 ita:
1033 4253 1129 4310 ‘Mehr
1146 4255 1192 4310 die
1212 4255 1338 4324 personi-

187 4343 277 4400 ficirte
296 4345 361 4399 Idee
380 4345 456 4400 eines
474 4344 641 4401 Charakters
660 4345 700 4402 als
720 4344 781 4400 eine
800 4343 1028 4400 charakterisirte
1040 4340 1168 4401 Person'.
1189 4343 1230 4400 Cf.
1241 4343 1339 4400 Bruuu

186 4433 415 4506 Kiinstlergesch.
434 4434 462 4488 Π
479 4451 507 4504 p.
526 4435 559 4488 87
575 4433 604 4489 ff.
