3142 5074
703 441 705 446 ·
797 413 848 466 122

248 584 290 650 sit
316 603 386 649 cnm
413 584 586 667 pulvisculo
613 585 688 650 haec
718 583 850 648 materia
876 602 894 648 a
923 583 998 648 viris
1025 583 1125 648 doctis
1141 584 1159 647 ¹.
1210 583 1253 648 At
1275 580 1398 665 Apuleii

247 686 429 751 memoriam
457 687 635 752 refricatam
663 685 766 768 uelim,
802 684 915 767 quippe
938 685 992 766 qui
1014 683 1205 767 impudicam
1226 683 1315 749 illam
1344 702 1400 748 no·

246 803 380 867 vescam,
403 784 536 851 alteram
551 786 735 864 Phaedram,
761 785 911 850 saevienti
933 783 989 849 deo
1011 785 1125 848 sensim
1148 783 1399 850 succumbentem

246 885 401 951 describat
423 887 454 950 et
475 886 537 950 ista
564 885 676 953 salutis
707 887 874 968 vultusque
900 885 1101 967 detrimenta,
1134 903 1214 968 quae
1240 885 1272 949 et
1297 885 1399 967 aegris

246 987 277 1052 et
298 985 477 1052 amantibus
499 987 686 1053 examussim
710 986 912 1051 conveniant:
942 985 1090 1068 pallorem
1114 985 1293 1070 deformem,
1316 1005 1400 1050 mar-

246 1087 349 1152 centes
375 1087 489 1170 oculos,
516 1087 599 1152 lassa
621 1106 733 1170 genua,
756 1087 821 1152 alia
844 1086 1026 1152 minutatim
1055 1087 1257 1152 consectetur.
1301 1087 1401 1152 Vaces

247 1188 437 1270 postremum
460 1189 524 1253 eius
546 1187 750 1271 loquacitati:
762 1181 779 1260 ,‘
790 1187 933 1253 Crederes
955 1188 986 1252 et
1003 1187 1092 1252 illam
1107 1186 1258 1251 fluctuare
1273 1187 1399 1252 tantum

247 1289 413 1370 vaporibus
437 1288 579 1368 febrium,
602 1289 663 1354 nisi
686 1288 769 1372 qnod
791 1288 822 1352 et
840 1288 942 1354 flabat.
978 1289 1048 1354 Heu
1064 1288 1254 1352 medicorum
1268 1287 1398 1370 ignarae

246 1391 379 1454 mentes!
423 1389 505 1471 Quid
527 1409 624 1456 venae
646 1391 763 1473 pulsus,
800 1388 876 1473 quid
899 1390 1011 1455 caloris
1037 1389 1289 1471 intemperantia,
1323 1388 1397 1472 quid

247 1488 400 1570 fatigatus
423 1489 578 1556 anhelitus
601 1492 632 1556 et
653 1491 899 1573 utrimquesecus
927 1490 1063 1556 iactatae
1089 1489 1396 1579 ordinandarum

248 1591 374 1655 mutuae
396 1590 654 1657 vicissitudines?
691 1591 731 1655 Di
754 1592 842 1656 boni!
887 1592 987 1673 Quam
1016 1591 1118 1656 facilis
1139 1590 1213 1655 licet
1236 1609 1296 1655 uon
1320 1590 1398 1655 arti·

247 1691 299 1756 fici
322 1691 451 1766 medico,
483 1692 582 1758 cuivis
604 1693 709 1758 lamen
733 1692 824 1758 docto
851 1692 999 1758 Veneriae
1022 1691 1177 1774 cupidinis
1199 1691 1398 1773 comprehen-

248 1792 303 1871 sio,
326 1811 397 1856 cum
419 1792 528 1858 videas
547 1783 683 1876 aliquem
704 1794 770 1858 sine
791 1795 927 1876 corporis
949 1793 1050 1859 calore
1071 1793 1280 1875 flagrantem'.
1303 1828 1337 1838 —
1353 1792 1397 1856 Ex

249 1893 360 1976 quibus
392 1893 535 1958 omnibus
568 1913 629 1959 non
659 1895 794 1978 amplius
822 1894 932 1960 dubito
959 1893 1200 1960 concluderem
1229 1892 1397 1975 exemplari
1451 1964 1454 1970 ,

247 1994 302 2058 1110
329 1993 548 2074 Alexandrino,
584 1995 672 2062 cuius
705 1997 791 2062 certa
827 1996 960 2079 vestigia
992 1996 1084 2060 antea
1112 1995 1222 2075 detexi,
1254 1992 1395 2058 Cressam

248 2094 394 2178 puellam,
416 2096 555 2161 omnium
576 2096 694 2180 perdite
717 2097 892 2164 amantium
920 2096 1101 2178 exemplum,
1135 2095 1277 2160 omnibus
1304 2113 1396 2160 orna-

248 2196 423 2260 mentorum
439 2197 565 2262 illorum
588 2197 758 2264 luminibus
781 2198 959 2264 decoratam
982 2196 1092 2272 fuisse;
1119 2195 1227 2261 contra
1249 2195 1396 2260 Senecam

247 2296 305 2361 hoc
326 2285 492 2380 exemplari
514 2317 604 2365 usum
625 2299 706 2364 mals
731 2300 873 2365 sedulum
889 2298 1070 2364 ornamenta
1085 2317 1104 2362 a
1122 2297 1245 2380 tragica
1261 2296 1396 2362 Camena

248 2397 438 2463 alienissima
470 2398 594 2464 fabulae
620 2418 693 2464 suae
714 2419 824 2484 parum
852 2400 935 2482 aptis
964 2399 1041 2463 locis
1067 2397 1267 2463 admiscuisse
1292 2398 1397 2480 eisque

248 2500 406 2581 praeterea
433 2518 503 2563 cum
529 2500 684 2566 coloribus
705 2501 862 2567 scaenisve
884 2500 1058 2582 Euripideis
1086 2499 1205 2583 pingui,
1242 2499 1276 2563 ut
1297 2498 1396 2578 aiunt,

246 2598 388 2665 Minerva
411 2602 611 2666 commutatis
633 2603 875 2669 concinnitatem
897 2621 1080 2668 scaenarum
1102 2602 1253 2666 turbasse.

346 2700 486 2783 Denique
517 2702 653 2768 eiusdem
686 2703 878 2771 adventiciae
909 2704 986 2768 artis
1015 2702 1150 2786 vestigia
1182 2702 1286 2767 tenere
1318 2701 1396 2767 mihi

246 2801 352 2867 videor
372 2803 405 2868 in
429 2805 576 2887 sequente
597 2824 722 2885 scaena,
754 2825 816 2889 qua
838 2806 981 2872 Phaedra
1002 2805 1109 2870 solitos
1133 2803 1267 2869 amictus
1288 2820 1396 2884 asper·

247 2921 325 2968 nans
345 2903 378 2967 in
400 2905 495 2970 silvas
518 2906 591 2970 ferri
613 2909 644 2972 et
665 2909 813 2972 venatum
833 2907 879 2973 ire
900 2906 1016 2989 expetit
1037 2909 1080 2985 (v.
1103 2906 1164 2971 387
1187 2902 1256 2987 sp),
1286 2905 1394 2988 qualia

246 3003 408 3086 Euripides
432 3025 555 3089 quoque
585 3007 713 3073 denotat
748 3007 799 3092 (cf.
821 3028 850 3073 v.
874 3010 933 3073 201
957 3027 1003 3090 sq.
1027 3009 1088 3072 215
1110 3008 1179 3090 aql.
1224 3005 1284 3072 Sed
1304 3005 1396 3088 pocta

246 3104 407 3170 Romanus
440 3126 503 3172 rem
539 3107 639 3172 faceto
676 3109 809 3191 quodam
844 3109 987 3175 acumine
1019 3107 1133 3185 condit,
1171 3126 1242 3172 oum
1275 3107 1398 3190 Hippo·

246 3205 311 3288 lyto
338 3205 507 3272 Amazonis
537 3207 601 3272 lilio
626 3209 761 3290 puellam
784 3210 980 3274 Amazonum
1013 3209 1123 3274 habitu
1153 3207 1316 3290 procedere
1345 3226 1397 3272 er-

247 3307 401 3388 petentem
424 3308 639 3374 accommodat
664 3311 706 3387 (v.
730 3310 791 3374 399
814 3313 893 3392 sq.)·,
924 3309 1006 3392 quod
1029 3309 1150 3392 tragico
1173 3309 1339 3390 exemplari
1360 3327 1397 3374 eo

246 3408 449 3474 confidentius
478 3410 604 3493 abrogo,
638 3429 698 3492 quo
731 3410 854 3492 planius
882 3411 1028 3475 iunctura
1059 3410 1140 3474 male
1164 3409 1288 3476 occulta
1310 3428 1397 3475 com-

245 3508 409 3590 pilatorem
437 3509 549 3592 prodit.
593 3511 750 3575 Nimirum
781 3530 886 3576 comae
915 3511 1057 3590 solutae,
1093 3510 1254 3593 quasilla
1281 3511 1398 3575 temere

245 3609 344 3674 iactas
366 3610 480 3675 collum
506 3627 688 3694 umerosque
708 3610 889 3692 perfundere
923 3612 1008 3693 cupit
1041 3613 1083 3691 (v.
1108 3610 1195 3693 394),
1229 3611 1396 3676 manifesto

245 3710 427 3792 obstrepunt
450 3711 644 3777 Amazonum
668 3712 764 3776 comis
794 3712 825 3775 in
855 3712 970 3777 nodum
1000 3712 1142 3796 religatis
1177 3709 1396 3794 (140100).

245 3810 387 3876 Alterum
410 3812 477 3878 sine
498 3813 591 3878 dubio
614 3815 653 3879 ab
668 3814 816 3896 Euripide
838 3815 891 3890 (01.
908 3834 935 3880 v.
948 3813 1024 3895 202)
1046 3814 1210 3878 mutuatus
1232 3814 1295 3888 est;
1317 3812 1398 3877 alte·

245 3929 314 3976 rum
339 3947 376 3957 —
400 3913 483 3978 unde
504 3914 619 3980 habet?
642 3913 867 3980 Alexandrinos
890 3915 1020 3980 eroticos
1043 3915 1111 3996 scis,
1135 3933 1205 3978 cum
1226 3913 1282 3978 illo
1306 3931 1397 3995 prae·

246 4011 333 4094 cipue
357 4014 494 4096 temporo
514 4016 649 4081 venandi
670 4016 807 4081 studium
831 4035 867 4081 ac
883 4017 1027 4099 voluptas
1042 4015 1164 4080 floreret
1172 4017 1193 4098 ²,
1215 4013 1396 4080 fastidiosas

346 4251 356 4282 ¹
376 4249 417 4304 cf.
436 4250 551 4321 Dilthey
570 4254 587 4307 l.
607 4254 625 4308 l.
644 4271 672 4323 p.
692 4253 726 4308 70
739 4272 780 4324 sq.
799 4254 898 4309 Rohde
917 4256 935 4309 l.
954 4255 973 4309 l.
992 4272 1019 4325 p.
1035 4256 1086 4309 157
1099 4271 1139 4323 sq.
1169 4252 1288 4308 Brevius
1297 4250 1396 4322 Byblis

245 4339 315 4394 talia
333 4339 413 4410 signa
432 4346 545 4396 enarrat
563 4339 613 4397 Or.
627 4342 693 4397 Met.
712 4343 761 4412 IX,
780 4346 831 4398 531
845 4362 886 4413 sq.

346 4430 356 4462 ²
376 4428 416 4483 ef.
435 4429 537 4501 Helbig
556 4431 783 4504 Untersuchung.
802 4451 829 4504 p.
849 4435 901 4487 274
920 4451 961 4505 sq.
