3154 5076
763 385 799 436 64

202 555 344 620 tudinem
367 554 510 620 excedere
532 554 698 632 videretur,
732 557 900 620 commenti
926 558 1000 620 sunt
1026 556 1162 622 vitulum
1184 559 1353 635 marinum,

200 657 253 722 oui
274 655 379 721 Plinio
401 656 530 720 auctore
556 657 636 734 (nat
660 657 733 721 bist.
755 655 811 736 IX,
833 655 890 738 41)
918 651 970 722 ‘in
991 677 1067 722 sono
1088 659 1240 740 mugitus,
1273 659 1355 723 unde

202 777 313 822 nomen
328 757 438 821 vituli‘
452 759 472 821 ¹.
507 755 597 836 Quod
618 756 730 822 cecidit
750 757 784 820 in
806 759 981 822 monstrum
997 758 1140 841 mugiens
1153 761 1175 823 ².
1211 761 1257 823 At
1271 759 1354 842 quod

201 859 328 924 Servius
358 859 458 924 tradit
490 859 594 924 subito
627 859 814 941 interempto
836 859 1009 943 Hippolyto
1031 859 1206 924 Phaedram
1239 860 1355 924 amoris

200 959 399 1041 impatientia
420 959 532 1042 laqueo
554 959 654 1024 vitam
676 959 822 1042 finirhse,
855 979 893 1025 ne
920 961 1046 1043 propter
1074 978 1177 1024 seram
1204 978 1356 1024 nouercae

201 1064 334 1126 mortem
359 1062 397 1126 de
418 1062 574 1145 singulari
596 1063 721 1128 fabulas
744 1063 845 1128 forma
867 1081 939 1146 epm
961 1063 1133 1145 Hippolyto
1156 1060 1269 1127 Velato
1291 1060 1356 1124 for·

202 1163 287 1226 tasse
310 1164 501 1244 congruente
522 1165 651 1247 cogitas,
683 1163 835 1228 Stobaeus
857 1164 893 1245 (1.
915 1162 951 1247 1.)
973 1165 1079 1228 mouet
1105 1163 1213 1229 eadem
1235 1161 1357 1226 ratione

203 1265 345 1336 mortem,
377 1283 471 1346 quam
493 1265 637 1332 Phaedra
656 1267 766 1331 statim
787 1268 859 1348 post
880 1266 1054 1331 calumnias
1075 1265 1136 1330 sibi
1158 1263 1354 1340 consciverit,

203 1364 359 1446 explicans
382 1364 436 1441 (cf.
451 1365 568 1449 Hygia.
584 1366 703 1446 1243).
747 1366 838 1432 Talia
861 1366 1014 1432 sanantis
1036 1364 1250 1446 compilatoris
1272 1364 1355 1426 sunt

204 1465 348 1547 Denique
369 1465 472 1530 aecio
493 1485 535 1530 an
556 1466 590 1530 in
612 1467 834 1531 commentario
850 1466 950 1531 Persii
971 1467 1039 1544 (VI,
1060 1467 1132 1546 ool:
1151 1460 1201 1530 ‘et
1222 1482 1262 1528 ne
1276 1464 1358 1546 Hip-

202 1567 328 1650 polytus
349 1567 432 1649 patri
458 1585 514 1631 suo
541 1570 692 1645 narraret,
725 1587 795 1632 enm
825 1587 958 1634 noverca
989 1585 1078 1631 uerso
1111 1567 1242 1630 crimine
1272 1566 1357 1629 ultro
1460 1557 1461 1560 ’

202 1667 287 1751 apud
305 1668 458 1733 Theseum
481 1668 632 1732 maritum
651 1670 826 1749 accusarit3
852 1687 913 1750 qno
935 1669 1045 1750 agnito
1060 1667 1251 1750 Hippolytus
1273 1666 1358 1748 fugit

206 1771 238 1834 et
267 1768 342 1833 dum
370 1787 465 1833 curru
493 1769 526 1832 in
555 1769 647 1834 litore
674 1772 840 1847 exercetur,
872 1769 1006 1852 petiita
1033 1768 1178 1850 Neptuno
1201 1756 1357 1832 Tbeseus'

202 1889 228 1934 e.
251 1889 328 1951 qs.
351 1869 480 1934 Diodori
510 1871 720 1935 commentum
749 1871 945 1952 interluceat,
977 1870 1033 1953 qui
1060 1869 1107 1934 ita
1130 1868 1168 1932 de
1196 1868 1285 1933 casto
1308 1867 1358 1932 iu·

201 1991 278 2036 uene
300 1971 335 2050 (l.
358 1970 412 2049 l.):
443 1963 489 2046 ὥς
511 1959 629 2056 ἤκουσε
656 1965 697 2034 τὰ
724 1970 803 2050 περὶ
830 1973 888 2057 τῆς
914 1969 1077 2055 διαβολῆς,
1106 1961 1271 2051 συνεχύθη
1298 1961 1357 2054 τὴν

204 2065 321 2158 ψυχήν,
342 2071 426 2154 quod
446 2071 582 2154 quidem,
616 2073 641 2136 si
664 2072 847 2136 historicum
868 2071 969 2155 andis,
991 2072 1077 2137 heroi
1104 2070 1200 2134 etiam
1223 2069 1356 2132 mortem

204 2173 323 2237 attulit
366 2172 544 2238 Scholiasta
573 2173 677 2238 autem
706 2173 843 2238 Diodoro
870 2192 903 2267 se
934 2174 1073 2256 applicat
1102 2173 1136 2236 in
1162 2189 1197 2235 eo
1224 2187 1357 2252 quoque,

204 2273 288 2357 qnod
309 2273 453 2340 Phaedra
478 2273 658 2356 privignum
686 2276 812 2357 propter
843 2273 1107 2357 pulchritudinem
1137 2272 1226 2337 amat
1239 2275 1261 2354 ³,
1295 2289 1357 2335 non

203 2375 333 2439 Veneris
354 2373 500 2457 impulsu.
524 2410 567 2420 -—
589 2375 627 2438 In
643 2375 785 2439 intimum
801 2375 906 2439 locum
926 2374 1119 2440 detrudenda
1137 2373 1261 2438 'l'aetais
1283 2390 1357 2436 nar-

203 2475 286 2540 ratio
318 2474 434 2555 (Sobel.
458 2475 529 2558 Lyc.
548 2476 629 2540 1329
651 2475 690 2540 cf.
715 2474 800 2558 610),
833 2477 908 2558 qnia
936 2474 1102 2540 manifesto
1133 2493 1150 2538 e
1176 2473 1356 2539 Coronifero

203 2576 286 2640 male
308 2576 525 2642 consarcinata
549 2577 606 2660 est,
640 2576 691 2642 eui
715 2577 792 2642 item
815 2577 1000 2642 Eustathius
1032 2576 1140 2657 (Hom.
1162 2574 1191 2637 λ.
1214 2575 1292 2652 320)
1324 2591 1357 2638 se

202 2676 342 2758 applicat
353 2681 376 2740 ⁴.

304 2775 355 2839 Ad
387 2777 559 2841 extremum
591 2778 664 2842 nolo
696 2777 820 2842 silentio
855 2777 1103 2860 praetermittere
1134 2776 1356 2859 Aristophanis

204 2877 350 2959 Byzantii
373 2879 593 2959 argumentum
621 2878 746 2943 fabulae
768 2864 963 2960 lturipideae,
998 2897 1179 2960 quanquam
1206 2877 1261 2942 ille
1287 2895 1357 2959 per·

204 2978 281 3042 bene
303 2977 522 3061 eleganterque
542 2979 651 3060 paucis
673 2997 828 3044 summam
849 2979 975 3044 fabulae
995 2977 1238 3060 comprehendit,
1261 2976 1357 3040 nullis

203 3079 235 3142 et
255 3097 295 3142 ne
315 3079 537 3144 recentioribus
563 3079 687 3162 quidem
717 3079 973 3162 compilatoribus
1001 3080 1084 3143 inter
1110 3097 1222 3143 manus
1250 3079 1356 3144 fuisse.

204 3179 305 3244 Immo
336 3179 418 3262 quod
445 3197 541 3244 unum
557 3179 794 3263 'grammaticus
824 3179 1024 3264 neglegenter
1042 3179 1145 3261 ponit:
1179 3179 1357 3244 Phaedram
1452 3219 1455 3224 ,

205 3437 333 3491 narratio
347 3436 384 3505 (V
385 3454 444 3507 erg.
456 3439 527 3492 Aen.
537 3437 597 3504 Vll,
611 3440 674 3504 761)
686 3439 812 3508 alioquin
828 3439 919 3493 eidem
936 3443 1071 3510 tanquam
1089 3439 1236 3509 calopodio
1249 3444 1356 3508 aptata.

202 3525 319 3580 Praeter
339 3527 463 3581 alterum
481 3526 702 3596 mythographus
713 3526 864 3581 Vaticanus
883 3528 964 3596 prior
975 3529 1007 3598 (f.
1028 3530 1074 3599 46)
1094 3547 1111 3583 a
1128 3529 1225 3584 Servio
1242 3528 1356 3598 pendet.

306 3614 316 3645 ¹
335 3614 461 3668 Immane
473 3615 542 3683 quid
554 3615 652 3684 phocis
667 3616 757 3669 inesse
774 3616 927 3685 putebant3
946 3617 982 3671 ci.
999 3616 1080 3671 Ovid.
1093 3617 1160 3672 Her.
1173 3617 1208 3680 X,
1223 3619 1267 3670 87.
1287 3615 1356 3670 Met

202 3701 226 3770 1,
242 3704 304 3764 300,
325 3702 583 3774 Verg.Gcorg.1V,
602 3705 664 3756 395.
701 3702 872 3758 scholiastae
890 3709 983 3760 autem
1002 3705 1090 3761 Persii
1108 3706 1136 3772 (l.
1149 3705 1177 3770 l.)
1196 3724 1253 3760 una
1265 3705 1357 3775 phoca

202 3807 259 3845 non
277 3790 395 3847 sufficit:
424 3791 527 3846 ‘Petiit
545 3807 562 3844 a
579 3790 710 3860 Neptuno
727 3786 859 3857 Theseus,
887 3797 920 3847 ut
942 3794 968 3847 ei
989 3793 1102 3862 phocas,
1129 3793 1160 3848 id
1183 3798 1227 3848 est
1249 3793 1356 3849 vitulos

203 3878 327 3933 marinos
346 3875 536 3934 immitteret’.

305 3968 317 4000 ²
336 3966 376 4021 cf.
395 3967 465 4022 Eur.
484 3967 549 4037 Hip.
570 3967 638 4020 1201
658 3983 700 4034 sq.
721 3965 783 4020 Seu.
800 3966 930 4022 Phaedra
951 3970 1019 4022 1016
1036 3987 1077 4039 sq.

302 4057 314 4089 ⁸
332 4056 411 4110 Idem
430 4056 545 4110 exhibet
563 4055 653 4110 Schol
671 4055 780 4110 Platon.
799 4055 867 4126 Leg.
886 4055 937 4111 931
958 4057 991 4125 Β,
1013 4073 1085 4128 queo
1102 4058 1269 4116 brevissima
1290 4079 1355 4116 nar·

201 4144 274 4198 ratio
293 4145 437 4213 ceteroqui
454 4144 526 4198 nihil
545 4143 727 4198 memorabile
745 4144 879 4198 continet.

304 4237 317 4266 ⁴
335 4232 430 4288 Sciens
447 4232 626 4302 praetermisi
643 4237 800 4287 monstrum
818 4232 998 4302 narrationis,
1017 4234 1092 4302 quod
1109 4233 1263 4304 cephalion
1281 4254 1355 4292 oom-

203 4325 314 4375 mentus
332 4326 376 4376 est
394 4327 508 4376 auctore
526 4320 632 4374 Matala
651 4320 764 4386 (chron.
782 4337 811 4389 p.
829 4321 865 4374 88
886 4320 928 4376 ed
946 4321 1017 4376 Bon.
1036 4321 1141 4378 Miiller
1159 4323 1191 4377 F.
1209 4323 1242 4378 H.
1261 4323 1295 4379 G.
1312 4325 1356 4380 111

204 4426 232 4478 p.
251 4409 317 4480 630)
335 4414 365 4464 et
382 4411 485 4465 similia
504 4409 619 4480 Georgii
638 4408 756 4464 cedreni
775 4409 884 4464 somnia
903 4409 958 4478 (ed.
978 4410 1047 4465 Bon.
1066 4410 1079 4466 1
1096 4429 1125 4481 p.
1142 4413 1218 4479 alo).
