3142 5074
726 417 778 472 113

174 585 310 656 caudam
333 607 427 670 supra
446 587 513 652 iam
535 589 644 652 notari
659 588 703 670 (p.
718 587 784 670 36).
800 623 840 635 -
856 591 994 666 Accedit,
1017 593 1098 674 quod
1117 593 1150 658 in
1167 593 1330 660 Cremonis

174 691 296 762 fabula,
328 689 362 752 in
384 707 479 770 quarn
499 708 582 752 nuuc
600 689 781 752 accuratius
802 690 971 774 inquiram,
1001 693 1107 775 gladio
1127 695 1231 758 iuueni
1255 715 1329 778 prae

174 794 294 855 terrore
315 791 431 870 elapso,
464 789 517 852 nbi
540 790 594 852 ille
615 790 656 853 ab
683 789 834 854 ancillula
863 810 1012 856 nouercae
1044 793 1123 857 dolis
1152 795 1327 876 opitulante

173 891 357 972 instigatus,
379 891 417 952 nt
437 894 571 954 matrem
590 890 624 952 iu
644 889 811 953 manifesto
826 890 979 955 adulterio
995 892 1210 974 deprehendat,
1234 896 1327 958 nootu

174 992 279 1057 subito
294 990 447 1074 usquead
463 990 578 1054 lectum
593 989 748 1072 genialem
763 992 937 1071 prorumpit
954 994 985 1055 et
998 995 1119 1078 patrem
1135 993 1325 1059 exsilientem

174 1093 321 1175 agnoscit
344 1093 385 1167 (c.
407 1091 497 1172 XII),
530 1094 639 1172 postea
660 1093 692 1154 in
712 1091 830 1154 iudicio
853 1091 893 1154 ad
916 1092 1070 1157 insontem
1093 1094 1325 1177 opprImondum

174 1195 310 1258 utuntur
321 1195 361 1272 (c.
376 1193 479 1274 XIII).
502 1192 590 1272 Quae
604 1191 690 1256 fictio
711 1191 835 1274 lougius
856 1193 973 1256 recedit
994 1195 1035 1258 ab
1055 1195 1231 1278 exemplari,
1254 1197 1328 1278 quia

175 1313 309 1360 noverca
338 1295 446 1376 gladio
476 1313 537 1357 uon
567 1294 600 1356 in
630 1295 698 1374 ipsa
729 1294 830 1374 stupri
861 1293 941 1358 ialsa
974 1296 1190 1361 criminatione
1221 1299 1329 1382 utitur,

176 1397 304 1478 propius
325 1397 427 1472 abest,
450 1397 523 1478 quia
547 1395 673 1477 gladius
694 1394 784 1476 quasi
805 1395 920 1477 pignus
943 1397 1052 1478 culpae
1074 1398 1174 1462 locum
1197 1398 1328 1464 invenit.

277 1496 337 1562 Sed
359 1497 455 1562 etiarn
477 1496 517 1560 ad
542 1497 677 1560 alterum
698 1497 802 1560 locum
824 1496 992 1579 diligenter
1008 1498 1226 1579 pensitaudum
1243 1501 1328 1582 Apu·

175 1598 228 1663 leii
244 1597 353 1662 fabula
366 1598 493 1661 inritat.
532 1597 659 1660 Etenim
677 1595 813 1660 (luemou
829 1599 945 1676 narrat,
970 1600 1124 1680 quomodo
1142 1619 1273 1666 noverea
1297 1620 1329 1666 se

175 1698 524 1765 aPauathenaicorum
554 1699 761 1762 celebratione
783 1698 926 1762 reducem
954 1701 1038 1765 reste
1066 1702 1208 1766 sollemni
1240 1721 1328 1768 coro·

176 1819 279 1884 naque
305 1800 546 1864 condecoratum
575 1799 701 1864 vixdum
730 1801 832 1865 risum
861 1800 992 1866 libidine
1016 1821 1161 1885 praeceps
1188 1804 1327 1885 amplexa

176 1903 219 1966 sic
241 1919 268 1965 c.
290 1900 337 1965 X:
370 1891 440 1962 ἀλλ’
461 1889 530 1963 circii
552 1901 674 1984 γυμνῆς
693 1903 752 1988 τῆς
773 1899 955 1984 antochiae
975 1901 1170 1987 προςέτρεχε
1192 1905 1245 1968 καὶ
1268 1927 1328 1968 rre-

177 2000 358 2084 ριβαλοῦσα
388 1995 407 2066 ὃ
441 1999 514 2078 νέος
540 1996 748 2085 Ἱππόλυτος,
786 1997 954 2086 bonarda
982 1997 1000 2066 ὁ
1030 1998 1108 2085 ἐμὰς
1134 2000 1224 2087 ἔλεγε
1234 2009 1253 2069 ¹.
1286 2041 1328 2052 -·

175 2105 323 2168 Iuveuem
346 2103 449 2184 igitur
468 2102 561 2166 simul
584 2103 737 2168 Theseum
758 2105 790 2168 et
811 2104 1017 2186 Hippolytum
1042 2105 1210 2171 salutarit?
1252 2107 1328 2173 Sen-

175 2224 247 2269 sum
277 2203 398 2268 nullum
429 2222 494 2268 esse
525 2205 680 2286 perspexit
707 2203 815 2270 Gorais
844 2206 1035 2286 (IIp.19);
1068 2207 1133 2288 ipse
1153 2201 1325 2289 protulitd

179 2303 314 2389 Θησέως
335 2298 416 2382 υἱός,
449 2305 532 2388 quod
554 2307 587 2369 in
607 2307 673 2370 tam
696 2305 803 2372 vivida
822 2306 1012 2372 salutatione
1033 2308 1148 2372 mirum
1176 2310 1327 2391 quantum

176 2406 308 2488 languet
329 2408 360 2470 et
380 2405 547 2470 claudicat.
581 2407 808 2472 Exclamationi
826 2409 929 2472 autem
945 2409 1021 2472 item
1041 2411 1197 2492 repugnat
1212 2409 1326 2474 ltohdii

177 2507 355 2572 coniectura
377 2505 411 2585 (I
427 2506 449 2569 l.
467 2526 496 2588 p.
511 2508 583 2572 458.
603 2512 647 2583 al:
671 2501 689 2570 ὁ
705 2506 777 2583 νέος
791 2501 995 2585 Ἱππόλυτος,
1020 2506 1141 2591 ἐρρέτω
1163 2503 1181 2573 ὁ
1199 2504 1328 2594 &prede

175 2600 194 2669 ὁ
217 2603 308 2688 ἐμός,
338 2606 371 2670 in
394 2625 456 2689 qua
477 2610 635 2690 praeterea
658 2601 676 2670 ὃ
701 2605 779 2689 ἐμός
801 2609 840 2672 ad
863 2609 1014 2674 Theseum
1037 2611 1169 2675 relatum
1192 2612 1326 2676 maxime

175 2707 314 2773 offendil.
348 2708 457 2790 Neque
470 2710 633 2774 verborum
650 2702 667 2772 ὁ
684 2707 756 2786 νέος
772 2710 921 2774 rationem
945 2712 1028 2776 uiros
1052 2711 1159 2776 doctos
1180 2713 1326 2777 accurate

175 2808 236 2872 sibi
257 2807 432 2874 reddidisse
453 2809 633 2874 contendo&
663 2810 711 2874 Ne
726 2811 842 2875 multus
857 2810 931 2874 sim:
954 2830 1055 2876 noune
1070 2813 1212 2878 Phaedra
1228 2813 1324 2891 adest,

176 2927 255 2991 quae
281 2908 421 2973 affirmat
447 2928 478 2974 se
501 2910 611 2974 Thesei
643 2911 730 2992 pueri
758 2911 866 2975 vultus
894 2910 1012 2992 priores
1042 2931 1155 2992 amare,
1191 2931 1262 2978 cum
1293 2914 1326 2978 in

176 3009 347 3092 Hippolyto
371 3011 494 3092 genihor
515 3011 601 3075 totus
623 3012 684 3075 sit?
709 3011 792 3090 (Seu.
814 3030 842 3076 v.
867 3012 929 3076 646
949 3013 1008 3094 sq.)
1049 3012 1235 3078 Nominibus
1258 3032 1327 3095 pro-

175 3111 252 3193 priis
273 3111 372 3194 igitur
394 3111 477 3176 inter
498 3131 529 3176 se
551 3112 683 3177 mutatis
704 3112 914 3178 scribendum:
938 3105 955 3176 ὁ
980 3109 1053 3190 νέος
1067 3107 1201 3197 Θησεύς,
1226 3113 1325 3178 ὀἸπ-

176 3205 322 3288 πόλυτος
349 3205 367 3275 ὁ
396 3206 483 3294 ἐμός.
527 3213 615 3294 Quod
645 3214 747 3278 scriba
772 3233 882 3295 parum
912 3214 1080 3290 intellexit3
1117 3215 1217 3295 oredo,
1252 3215 1326 3299 quia

176 3313 242 3379 eius
264 3313 369 3379 auimo
390 3313 581 3397 Hippolytus
611 3314 723 3379 alecus
755 3314 927 3379 iuventutis
960 3317 1114 3399 exemplar
1136 3317 1239 3398 potius
1272 3316 1327 3381 ob-

176 3413 367 3480 versabatur,
402 3413 588 3480 Coniectura
600 3417 704 3481 autem
722 3415 863 3480 munitur
884 3417 916 3479 et
934 3416 1153 3480 constabilitur
1176 3435 1220 3498 eo,
1244 3416 1326 3498 quod

176 3517 209 3581 in
235 3517 362 3600 Apuleii
394 3516 502 3582 fabula
532 3516 615 3582 idem
647 3515 783 3581 einsdem
818 3534 946 3580 scaenae
978 3516 1163 3599 Euripideae
1197 3535 1326 3582 acumen

279 3819 413 3874 ¹Similis
441 3823 484 3874 est
510 3819 683 3874 Aristaeneti
710 3819 786 3874 locus
809 3819 846 3884 11,
872 3821 912 3873 13.
942 3836 970 3888 p.
991 3820 1043 3873 166
1065 3817 1100 3872 Η.
1147 3817 1188 3872 Cf.
1212 3817 1326 3888 Dilthey

177 3909 204 3964 d.
222 3909 291 3964 Call·
310 3909 376 3978 Cyd.
395 3926 422 3977 p.
442 3909 484 3962 73.

279 3998 418 4052 ²Iuvenis
437 3995 604 4066 significatio
622 3995 668 4048 hic
686 4013 800 4065 prorsus
822 3994 963 4064 superflua
986 3999 1036 4048 est.
1073 3994 1201 4048 Alterum
1231 3997 1324 4048 autern

177 4103 297 4148 sensum,
326 4103 381 4154 quo
399 4084 582 4139 Prometheus
600 4080 662 4142 τοὺς
680 4087 757 4143 νέους
774 4077 857 4142 θεούς
875 4085 945 4138 citat
964 4082 1072 4153 (Aesch.
1093 4082 1187 4136 Prom.
1207 4083 1271 4149 9603
1291 4081 1325 4136 ci.

178 4194 203 4229 v.
223 4174 287 4242 965)
311 4175 340 4227 in
360 4173 502 4228 concitata
522 4171 691 4226 allocutione
713 4172 831 4225 nimium
857 4171 962 4240 frigere
985 4187 1065 4225 nemo
1089 4174 1138 4234 est,
1170 4169 1237 4238 quin
1261 4186 1325 4224 con·

178 4264 289 4318 sentiat.
326 4262 424 4317 Nescio
443 4264 598 4330 praeterea,
627 4277 663 4313 an
688 4259 812 4328 antiquis
835 4259 998 4313 auctoribus
1021 4276 1107 4327 aeque
1131 4275 1163 4312 ac
1180 4257 1283 4312 nostris
1302 4256 1325 4310 is

178 4369 243 4405 usus
269 4351 348 4404 verbi
376 4351 504 4404 insolitus
533 4348 628 4416 fuerit,
657 4348 701 4401 cui
727 4347 846 4422 Goethe:
878 4347 928 4402 der
950 4363 1021 4400 neue
1040 4346 1161 4413 Pausias,
1189 4345 1239 4399 der
1256 4361 1326 4398 neue

178 4440 266 4507 Paris,
285 4440 329 4492 die
349 4457 417 4492 neue
437 4439 580 4503 Melusirre,
600 4437 741 4490 cavitatem
761 4437 828 4489 dare
847 4441 962 4490 conatus
981 4439 1031 4488 est.

1110 4521 1126 4576 8
