3142 5074
748 405 798 457 107

199 576 378 657 gordiam,
412 577 596 660 Lycophron
622 576 747 659 scripsit
767 576 984 660 Hippolytum,
1020 577 1176 660 utsupra
1205 577 1347 650 monui²r

198 695 282 742 mera
319 677 496 742 coniectura
533 680 580 742 est
615 676 748 760 Byblida
780 679 812 740 in
850 695 994 743 scaenam
1031 679 1216 761 productam
1251 682 1345 742 esset

199 780 302 862 Atque
340 776 415 844 adeo
448 798 486 844 ne
518 778 617 843 ullum
651 778 776 862 quidem
810 778 990 843 recentioris
1024 779 1093 844 aeri
1132 777 1345 843 testimonium

197 879 402 944 Alexandrini
424 881 567 944 cothurni
585 873 772 945 ⁴auctoritati
794 879 1001 962 suffragatur:
1028 879 1111 962 quod
1133 879 1233 944 altum
1255 878 1348 944 silen-

197 981 279 1045 tium
301 980 446 1047 disertius
469 982 552 1046 certe
571 981 721 1064 loquitur,
740 999 835 1062 qnam
857 999 962 1044 omnes
983 980 1155 1044 rumusculi
1167 980 1348 1062 opinabiles.

198 1081 248 1146 Ad
280 1099 434 1147 summam
466 1081 567 1163 igitur
598 1081 621 1145 ii
649 1081 707 1146 viri
742 1080 839 1158 docti,
873 1080 927 1163 qui
963 1081 1088 1145 omnino
1122 1079 1348 1170 Alexandrinas

197 1181 376 1264 tragoedias
402 1201 485 1247 mera
511 1183 687 1248 hemerobia
711 1183 804 1248 luisse
826 1201 862 1248 ac
886 1201 923 1246 ne
945 1199 1042 1264 usque
1064 1181 1104 1246 ad
1126 1199 1256 1246 auream
1278 1181 1348 1264 qui-

198 1283 268 1348 dem
291 1282 469 1347 litterarum
484 1283 697 1348 Romanarum
713 1285 850 1349 aetatem
872 1283 999 1350 durasse
1018 1282 1137 1365 opinati
1159 1283 1263 1364 sunt⁴‚
1283 1282 1348 1347 uti-

198 1403 258 1466 que
279 1383 523 1466 adstipulantem
547 1403 595 1450 me
617 1385 742 1450 babent.

297 1481 358 1549 Sed
381 1489 512 1566 quaerat
538 1485 693 1567 quispiam
717 1485 873 1563 hocloco,
906 1504 980 1550 num
1003 1485 1115 1550 saltam
1137 1485 1176 1550 ad
1209 1484 1349 1550 excolen-

199 1585 274 1648 dum
306 1584 425 1666 grande
457 1583 613 1667 quoddam
646 1585 768 1650 dicandi
795 1605 901 1668 genus,
937 1585 1083 1650 subtilem
1108 1585 1349 1667 argumentandi

200 1687 362 1764 rationem,
395 1685 620 1751 sententiarum
645 1687 837 1770 splendorem
859 1687 1058 1764 rhetoricum,
1082 1687 1193 1769 quibus
1216 1686 1349 1750 maxime

201 1787 330 1854 Ovidius
360 1786 541 1870 delectatur,
576 1791 697 1871 praeter
729 1790 887 1854 rhetorum
921 1787 1117 1870 disciplinam
1153 1786 1348 1869 tragoediam

199 1888 332 1953 alicuius
368 1888 518 1952 momenti
553 1888 647 1953 luisse
675 1907 744 1953 cum
768 1889 890 1954 Rohdio
914 1887 949 1971 (l.
972 1888 994 1954 l.
1017 1907 1046 1969 p.
1072 1888 1144 1968 128)
1167 1890 1348 1954 sumamus?

201 1988 290 2071 Quod
312 1988 454 2070 equidem
485 2008 559 2054 sane
588 1989 776 2054 obstinatius
801 2009 863 2054 non
894 1988 1048 2072 negarim
1082 2005 1261 2071 quanquam
1294 1986 1349 2070 qui

200 2089 424 2154 benedicendi
447 2090 667 2172 proprietatem
691 2091 911 2156 Alexandrinis
934 2089 1084 2171 poematis
1107 2089 1232 2154 omnino
1258 2089 1349 2154 abro-

200 2194 273 2274 gat,
305 2191 532 2256 inconsiderate
564 2191 681 2274 agit⁵.‘
705 2197 812 2257 Unum
835 2191 1055 2273 grauissimum
1085 2191 1178 2273 atque
1206 2190 1239 2255 id
1266 2189 1348 2272 apud

203 2373 402 2383 ——-—..

303 2482 312 2512 ¹
332 2480 416 2535 Trist.
435 2480 471 2548 ΙΙ,
491 2480 552 2534 393.
581 2478 710 2534 Ceterum
733 2481 826 2534 nescio
852 2498 888 2534 an
908 2479 1024 2534 Ovidius
1045 2478 1256 2549 aagoediarum
1278 2465 1349 2532 hanc

201 2570 440 2625 enumerationem
458 2586 535 2622 mero
549 2568 676 2638 catalogo
689 2586 754 2621 usus
769 2568 960 2637 compleverit,
979 2568 1024 2622 cui
1036 2567 1170 2622 nimirum
1184 2570 1349 2637 argumenta

201 2659 326 2712 breviter
344 2662 476 2712 enarrata
494 2659 603 2712 intexta
621 2663 711 2722 erant,
740 2676 794 2727 quo
814 2658 899 2712 Birtii
922 2658 1062 2713 dubitatio
1089 2659 1117 2728 (l.
1136 2659 1154 2712 l.
1173 2676 1200 2728 p.
1219 2659 1283 2728 400)
1308 2658 1348 2710 in-

201 2748 344 2817 fringitur.
382 2749 422 2800 At
440 2747 561 2815 Byblida
582 2750 610 2800 et
629 2746 774 2815 Myrrham
792 2752 875 2816 poeta
894 2766 929 2802 ne
948 2748 1074 2801 nominat
1094 2746 1214 2815 quidem.

302 2836 313 2868 ²
331 2835 361 2889 P.
381 2835 422 2889 67.
442 2839 467 2889 3.
488 2865 521 2874 —
540 2835 639 2890 Rohde
658 2835 688 2906 (l.
708 2836 726 2889 l.
745 2854 773 2906 p.
792 2837 835 2890 36.
848 2837 876 2905 6)
895 2835 961 2890 huic
979 2835 1141 2906 tragoediae
1160 2834 1347 2889 inventionem

202 2923 346 2992 epistulae,
374 2943 430 2993 qua
451 2924 579 2979 Phaedra
604 2926 705 2993 utitur,
736 2923 855 2979 fortasse
883 2923 1079 2994 assignandam
1108 2940 1165 2976 esse
1190 2921 1349 2976 existumat.

203 3011 333 3066 Demiror
359 3014 416 3067 tale
444 3013 587 3083 effugium,
617 3013 749 3082 quoniam
768 3013 878 3081 reliqua
897 3012 1152 3066 Alexandrinorum
1170 3010 1270 3079 poesis,
1294 3027 1349 3077 qua

203 3100 283 3154 unice
303 3101 414 3155 laudem
433 3102 486 3155 eibi
509 3105 681 3171 pepererunt
700 3106 728 3155 et
750 3101 902 3170 plurimum
931 3101 1081 3154 valuerunt
1109 3099 1184 3167 apud
1213 3102 1350 3166 posteros,

202 3193 302 3257 sponte
320 3207 349 3244 se
367 3189 458 3244 offert.
495 3190 537 3244 De
556 3207 612 3259 qua
630 3208 660 3244 re
679 3191 745 3245 nolo
764 3195 901 3260 repetere,
930 3206 1000 3257 quae
1019 3192 1084 3242 autc
1103 3187 1205 3256 passim
1225 3186 1349 3256 exposui.

197 3277 291 3332 -Taeeo
309 3277 343 3332 de
362 3277 510 3333 Schmidtii
529 3278 714 3333 hariolatione
734 3279 830 3347 (Arch.
851 3278 915 3348 Ztg.
937 3279 1006 3330 1647
1024 3294 1052 3345 p.
1071 3279 1128 3344 66),
1149 3275 1197 3344 qui
1216 3275 1245 3327 in
1263 3274 1349 3342 Lyco·

201 3365 317 3433 phronis
338 3365 435 3420 fabula
453 3367 572 3422 Senecae
592 3372 620 3421 et
639 3366 735 3420 Ovidii
754 3367 896 3436 exemplar
915 3365 1053 3420 detexisse
1074 3365 1128 3418 sibi
1147 3365 1222 3418 visus
1240 3368 1289 3416 est.

303 3454 374 3508 ”Ch
403 3454 517 3522 Dilthey
540 3454 593 3509 Rh.
621 3454 693 3509 Mus.
723 3455 799 3508 XXV
827 3472 855 3524 p.
887 3455 946 3507 155.
975 3456 996 3506 l.
1045 3453 1143 3507 Rohde
1167 3454 1185 3507 l.
1204 3453 1222 3505 l.
1255 3469 1282 3520 p.
1306 3453 1349 3504 36.

202 3544 245 3596 95.
271 3545 292 3595 l.
320 3571 356 3580 -
383 3541 527 3612 Caligulae
545 3543 718 3612 temporibus
741 3542 837 3596 fabula
857 3541 972 3608 Cinyras
1000 3540 1083 3595 docta
1108 3544 1158 3601 est,
1186 3558 1258 3609 quae
1276 3539 1350 3608 Myr·

203 3630 270 3685 rhae
293 3630 352 3684 fata
376 3631 538 3685 illustrabat
566 3637 680 3686 auctore
703 3631 802 3686 Flavio
826 3630 944 3699 Iosepho
975 3629 1069 3692 (Arch.
1095 3628 1171 3696 XIX,
1195 3633 1217 3684 l.
1239 3631 1285 3699 133
1315 3629 1350 3683 cf.

203 3717 277 3772 Suet.
298 3719 385 3788 Galig.
404 3720 447 3772 57.
484 3719 615 3774 Welcker
638 3721 656 3773 l.
675 3721 693 3774 l.
716 3738 743 3789 p.
767 3721 834 3772 1226
853 3723 915 3788 sq).
947 3748 978 3756 —
1009 3717 1187 3771 Robusti.
1214 3734 1241 3786 p.
1262 3720 1296 3772 36
1314 3718 1349 3772 ad

202 3807 318 3861 eandem
348 3808 494 3861 materiam
521 3806 675 3862 Ptolemaei
703 3807 893 3876 Philopatoris
921 3807 1049 3860 Adonem
1075 3805 1216 3874 (Welcker
1240 3807 1258 3860 l.
1278 3807 1296 3860 l.
1321 3824 1348 3875 p.
1389 3824 1392 3829 ·

206 3897 272 3950 1269
291 3895 343 3964 sq.)
362 3896 537 3950 referendam
557 3913 615 3950 esse
633 3897 799 3963 existumat3
818 3913 875 3949 non
893 3895 976 3948 video
994 3911 1050 3963 quo
1068 3894 1137 3948 iure.
1220 3881 1222 3888 '

302 3988 314 4018 ⁴
333 3985 374 4039 Cf.
394 3985 502 4040 Robert
520 3985 605 4039 Arch.
623 3985 683 4055 Ztg.
707 3986 775 4038 1878
797 4002 826 4052 p.
849 3986 889 4037 16.
910 3983 966 4036 Leo
985 3983 1003 4036 l.
1022 3983 1041 4036 1.
1059 4000 1087 4052 p.
1103 3984 1161 4036 166.
1174 4013 1207 4021 -
1221 3983 1350 4036 Ceterum

204 4091 278 4138 cave,
297 4091 332 4128 ne
352 4075 523 4142 pantomimo
543 4075 616 4128 iusto
636 4075 703 4144 plus
710 4074 827 4140 tribuas,
848 4089 928 4141 quem
942 4089 1011 4142 prae
1024 4073 1124 4126 ceteris
1136 4071 1258 4141 tragicos
1272 4071 1350 4141 ignes

203 4166 327 4215 secutum
347 4179 405 4217 esse
422 4161 560 4216 Lucienus
579 4163 613 4216 de
633 4163 701 4216 Salt.
722 4163 754 4214 61
774 4165 903 4216 testatur.

305 4249 377 4303 ι’66
396 4249 494 4304 Rohde
512 4250 530 4303 l.
549 4251 568 4304 l.
596 4279 629 4290 -
659 4251 722 4304 Non
746 4250 848 4304 attinet
871 4248 992 4317 exempli
1014 4249 1113 4318 gratia
1131 4247 1263 4301 Ovidium
1287 4265 1350 4301 cum

204 4336 354 4393 Theocrito
374 4355 548 4408 componere,
578 4339 626 4407 qui
645 4344 711 4393 ante
729 4355 825 4392 omnes
844 4341 902 4391 tam
925 4337 1046 4405 simplici
1070 4354 1101 4390 ac
1123 4337 1220 4390 nativa
1239 4335 1350 4390 dicendi

204 4425 313 4481 ratione
341 4427 453 4497 eminet,
480 4432 512 4481 ut
537 4445 625 4497 paene
650 4427 740 4496 ipsam
763 4430 895 4482 naturam
918 4425 1075 4497 exprimere
1098 4425 1235 4482 videatur.
1272 4423 1350 4480 Inter
