3154 5076
822 403 856 460 16

265 574 420 660 ambigue.
463 577 557 658 apuu
579 577 763 661 Sophoclem
786 579 913 658 (Trach.
934 580 1010 659 355)
1033 574 1119 660 ἔρως
1140 578 1253 664 θέλγει
1277 582 1297 646 1.
1322 601 1347 648 e.
1367 531 1421 648 ¹fa·

263 677 412 743 scinendo
447 678 562 744 excitat
583 679 759 755 Herculem,
796 680 832 745 ut
865 679 1044 746 Oechaliam
1080 685 1237 766 oppugnet
1268 683 1321 764 (of.
1343 683 1418 750 Eur.

263 779 474 863 Hip.1274);
516 777 697 864 θέλγητρον
723 780 856 862 explicat
878 780 1009 845 Photius
1037 775 1076 845 τό
1109 778 1157 859 εἰς
1183 781 1302 870 ἡδονὴν
1328 773 1418 867 dyov,

263 899 324 963 quo
346 881 439 946 verbo
451 881 631 947 Athenaeus
654 878 706 962 (V.
723 881 833 959 220f.)
854 881 900 945 sic
922 881 1032 959 utitur,
1057 883 1094 945 ut
1116 883 1211 948 addat
1233 885 1415 967 genetivum

262 981 451 1047 obiectirum
473 975 605 1046 πόθων.
653 981 838 1064 Apollonius
865 982 1005 1046 Rhodius
1032 982 1164 1068 denique
1185 984 1418 1067 fingitMiner-

262 1102 333 1147 vam
356 1085 544 1166 querentem,
573 1082 655 1166 quod
679 1082 805 1147 Veneris
833 1083 949 1146 artium
980 1083 1078 1148 inscia
1106 1085 1148 1149 sit
1178 1086 1254 1168 Arg.
1277 1087 1335 1164 Ill,
1360 1089 1418 1152 33:

262 1173 305 1248 ου’
327 1183 364 1248 de'
385 1205 457 1247 τινα
477 1180 576 1265 χρειώ
599 1178 796 1267 θελκτήριον
819 1173 894 1247 οἶδα
915 1182 1054 1249 πόθοιο.
1092 1185 1152 1250 Sed
1168 1186 1207 1250 ad
1222 1187 1417 1254 eontrarium

262 1304 393 1369 eumque
419 1285 546 1352 sedandi
575 1285 667 1350 huius
693 1284 779 1350 verbi
813 1303 936 1350 sensum
961 1285 1043 1350 idem
1068 1289 1160 1367 poeta
1182 1290 1291 1369 aptum
1312 1306 1416 1352 exem-

261 1387 354 1470 plum¹
374 1386 499 1470 praebet
522 1378 598 1469 Δίς.
619 1386 679 1464 III,
704 1385 777 1450 738:
805 1384 988 1470 θελκτήρια
1016 1380 1172 1472 φάρμακα
1193 1380 1324 1468 ταύρων
1344 1388 1365 1452 1.
1388 1407 1416 1453 e.

261 1488 397 1554 remedia
419 1488 553 1553 furorem
576 1489 738 1553 taurorum
758 1487 956 1570 mitigantia,
979 1482 1112 1575 λυτήρια
1127 1490 1162 1552 ut
1178 1489 1346 1555 scholiasta
1363 1509 1417 1554 er-

261 1590 358 1672 plicat
380 1588 432 1674 (cf.
455 1609 484 1654 r.
507 1589 590 1668 766).
648 1588 756 1670 Neque
779 1588 865 1652 aliud
889 1581 979 1671 λόγοι
1008 1583 1199 1675 θελκτήριοι
1225 1589 1313 1672 (Eur.
1337 1591 1414 1673 Hip.

260 1690 355 1769 478),
390 1690 425 1753 ut
457 1689 565 1754 statim
591 1689 819 1768 demonstrabo,
855 1689 886 1753 et
921 1688 1033 1770 proibet
1065 1684 1253 1777 θελκτήριον
1289 1691 1413 1769 (Aesch.

261 1789 354 1855 Eum.
368 1791 423 1870 81)
438 1790 634 1873 significant3
658 1789 813 1868 sedidem,
833 1790 914 1873 quod
939 1787 1091 1874 ἐπῳδαὶ
1105 1785 1295 1873 θελκτήριοι
1312 1789 1414 1872 (Plut.

261 1893 368 1958 Amat.
379 1893 442 1971 16).
473 1891 580 1972 Neque
589 1889 734 1955 Mercurii
746 1890 871 1956 caducei
883 1891 1058 1969 obliviscar,
1075 1894 1128 1975 qui
1142 1882 1270 1977 ἀνδρῶν
1284 1882 1416 1974 ὄμματα

261 1993 383 2076 θέλγει.
396 2029 436 2040 -
450 1991 509 2058 Sed
526 1989 645 2075 reliqua
658 1992 748 2069 audi;
763 1994 976 2075 provocabunt
989 1995 1071 2058 enim
1087 1993 1271 2060 advertar.
1285 1995 1345 2060 511
1354 2013 1413 2078 sq:

260 2090 282 2158 δι’
303 2095 331 2160 o'
356 2083 424 2159 οὔτ’
446 2091 499 2158 ἐπ’
520 2087 668 2174 αἰσχροῖς
690 2128 729 2140 -
751 2087 876 2158 παύσει
899 2087 998 2158 νόσον
1010 2093 1105 2179 τῆσδ’
1121 2094 1199 2179 κτλ,
1222 2096 1276 2178 qui
1288 2096 1413 2160 contan-

261 2197 338 2280 dant
363 2196 541 2279 praevalere
568 2194 828 2278 significationem
850 2195 979 2260 remedii
1000 2196 1040 2261 ad
1063 2198 1204 2262 morbum
1227 2195 1411 2262 sanandum.

262 2297 353 2381 Care,
386 2316 423 2362 ne
450 2297 483 2361 in
515 2297 574 2362 hac
600 2315 662 2360 una
689 2295 946 2378 interpretatione
967 2298 1156 2380 acquiescas,
1190 2316 1261 2362 cum
1283 2297 1413 2362 demon-

260 2398 355 2465 strari
379 2398 487 2480 possit,
522 2395 638 2462 Graece
666 2397 820 2479 cogitanti
848 2398 947 2462 alium
974 2400 1132 2481 praeterea
1157 2418 1281 2464 sensum
1303 2398 1412 2480 sponte

261 2499 351 2578 obici,
383 2499 480 2564 talem
512 2498 592 2562 fere:
624 2497 763 2579 cupidita
765 2499 802 2564 te
828 2499 975 2614 explenda
1008 2499 1143 2567 furorem
1172 2500 1272 2565 sedari
1301 2501 1332 2564 et
1354 2499 1411 2563 hoc

260 2601 351 2665 modo
363 2600 505 2664 morbum
516 2601 630 2664 sanari.
664 2600 819 2665 Theocrit'
810 2600 913 2664 renim
926 2600 1046 2666 Simaet
1047 2601 1086 2666 ha
1098 2602 1194 2667 Thest
1180 2600 1271 2716 ylidi
1282 2598 1412 2665 mandet

259 2700 305 2766 Id.
328 2700 371 2779 Il,
392 2700 446 2764 95.
474 2722 503 2764 ει
493 2688 597 2763 d¹''
576 2698 784 2782 αγεΘέστυλί
804 2723 861 2781 μοι
882 2700 1025 2780 χαλεπᾶς
1047 2695 1133 2766 νόσω
1157 2684 1230 2782 eope
1249 2723 1281 2765 τι
1295 2708 1408 2782 μῆχος.

260 2800 706 2916 Cuiusnamgeuerisestillud
721 2802 934 2868 medicamen?
919 2803 1223 2884 PDelphisarcessit
1224 2821 1270 2866 ur.
1288 2800 1410 2868 Similia

260 2903 380 2985 saepius
396 2903 543 2969 inveniun
545 2904 692 2968 t.—-ur¹
715 2903 775 2968 Sed
797 2905 834 2968 ut
856 2906 925 2969 nost
927 2923 960 2969 ro
984 2905 1051 2969 loco
1075 2904 1208 2986 amplius
1230 2904 1326 2968 etiam
1342 2921 1410 2967 am-

259 3004 413 3086 bigamus,
450 3004 554 3068 nutrix
578 3003 682 3069 addit:
716 2997 754 3092 ἢν
775 2998 816 3068 σι)
836 2997 882 3090 μὴ
903 3003 976 3092 γένῃ
996 2994 1092 3089 resq:
1119 3004 1211 3068 modo
1238 3005 1311 3067 net
1297 3002 1409 3068 timida

259 3106 321 3182 sis;
355 3104 447 3189 quod,
485 3104 561 3188 quid
587 3105 645 3170 sibi
670 3105 754 3183 velit,
781 3105 819 3170 iis
843 3106 924 3170 certe
946 3107 1113 3170 obscurum
1136 3106 1204 3183 erit,
1229 3105 1283 3187 qui
1306 3105 1409 3168 totum

259 3207 362 3271 locum
385 3206 422 3271 de
442 3207 574 3289 simplici
592 3206 726 3271 remedio
747 3207 941 3289 intellegant.
964 3206 1239 3271 accommodatior
1258 3205 1410 3287 interpra-

260 3307 339 3371 tatio
363 3306 400 3371 fit
420 3307 639 3372 fascinationes
666 3307 878 3382 subaudienti;
910 3327 982 3373 nam
1012 3307 1131 3390 aliquid
1158 3307 1334 3373 audendum
1361 3306 1409 3370 vi-

261 3407 350 3473 detur
366 3409 406 3489 et,
429 3409 461 3472 ni
472 3408 574 3487 fallor,
597 3409 673 3473 satis
694 3409 914 3491 circumspecte
930 3410 1020 3490 poeta
1034 3409 1166 3474 nutricis
1181 3408 1315 3474 fallaciis
1333 3407 1409 3472 haec

260 3656 360 3722 poetae
379 3651 537 3723 fragmento
556 3655 572 3706 3
592 3670 619 3722 p.
640 3656 673 3707 49
692 3653 799 3708 Weicb.
819 3653 986 3723 Expellendi
1006 3658 1033 3708 et
1050 3654 1168 3725 fugandi
1186 3653 1329 3708 notionem
1349 3670 1408 3708 aaa·

259 3741 323 3810 pius
341 3741 452 3795 subesse
471 3741 605 3795 concludo
624 3760 658 3796 ex
676 3741 757 3796 Pind.
777 3740 820 3795 01.
839 3742 915 3804 XllI,
935 3745 969 3797 68
985 3743 1056 3813 (95):
1082 3747 1197 3816 φίλτρον
1214 3747 1328 3796 ἵππειον
1345 3743 1363 3795 i.
1383 3759 1407 3796 e.

261 3829 379 3898 frenum,
399 3827 474 3896 quod
493 3844 594 3896 equum
612 3827 734 3882 deleniat
753 3833 781 3882 et
798 3827 922 3884 furorem
940 3831 1059 3900 mitiget.
1097 3829 1207 3899 Ecquid
1228 3830 1262 3884 de
1286 3831 1408 3900 genuina

261 3917 441 3972 delenimenti
460 3915 663 3987 significatione
682 3922 817 3986 superest,
847 3918 921 3987 quod
949 3937 1073 3974 amorem
1098 3919 1221 3974 excitet?
1251 3949 1283 3958 -
1312 3921 1407 3988 Atque

261 4007 357 4061 eodem
376 4024 457 4060 sensu
476 4005 581 4074 accipio
600 4005 688 4076 φίλτρ’
708 4006 825 4075 ἐπῳδῶν
842 4007 911 4061 Eur.
929 4008 1034 4063 Phoen.
1054 4010 1131 4076 1260,
1153 4008 1253 4077 quibua
1273 4008 1408 4062 nimirum

261 4095 382 4151 fratrum
401 4097 444 4149 ira
460 4094 573 4149 sedetur
591 4095 768 4165 legeturque,
806 4095 961 4152 Scholiasta
991 4101 1117 4152 contorte
1145 4097 1252 4166 philtra
1278 4092 1338 4150 ἀντὶ
1360 4096 1408 4148 τοῦ

261 4186 353 4257 φιλίας
370 4184 559 4253 interpretans
578 4185 718 4254 intellegit
737 4183 847 4255 ἐπῳδὰς
865 4189 966 4256 φιλίας.

363 4271 431 4328 ¹cf.
449 4273 534 4327 Anth.
554 4272 613 4327 Pal.
633 4273 663 4326 V.
683 4275 744 4328 291.
764 4274 891 4344 Xenoph.
910 4275 1010 4344 Ephes.
1031 4273 1080 4327 111.
1103 4275 1142 4326 12.
1162 4273 1257 4328 Parth.
1273 4277 1342 4328 erot.
1359 4275 1406 4326 17:

223 4381 226 4386 ¹
261 4360 409 4416 Periandri
427 4366 518 4416 mater
537 4361 626 4416 filium
644 4367 733 4417 amat:
754 4367 799 4414 καλ
817 4367 943 4433 κατέχειν
962 4359 1011 4427 τὴν
1029 4357 1114 4416 νόσον
1132 4357 1180 4414 οὐκ
1197 4363 1235 4416 ἔτι
1254 4365 1298 4414 otu
1318 4378 1346 4414 τε
1364 4351 1407 4429 ἦν,

260 4449 311 4511 ἕως
328 4444 547 4521 ἆποτολμὴσαοα
565 4453 712 4521 προςφέρει
732 4444 829 4518 λόγους
846 4451 884 4520 τῷ
902 4451 989 4504 παιδί.
