3142 5074
794 390 831 443 80

235 563 345 628 deinde
363 563 547 646 pensitanda
565 565 639 628 sunt
660 563 841 629 techmonia
863 563 901 628 dc
919 563 971 628 uia
992 581 1030 628 nc
1049 563 1180 646 ratione,
1199 582 1261 644 qua
1276 563 1382 628 nutrix
1508 551 1511 556 ’

234 665 354 747 patrem
378 657 479 730 adeat.
522 663 653 730 Ouidius
674 665 775 748 igitur
797 666 843 729 ita
866 665 974 729 narrat
995 683 1025 728 u.
1044 665 1106 728 438
1127 683 1190 746 sq:

382 767 476 831 uncta
498 784 625 848 grauem
648 766 721 830 vino
744 764 892 848 Cinyram
913 765 996 830 male
1016 763 1124 830 sedula
1146 765 1251 828 nutrix

383 867 507 932 nomine
528 866 659 932 mentito
680 885 770 932 veros
791 865 916 948 exponit
937 883 1057 931 amores

383 969 415 1034 et
437 967 548 1034 faciem
571 966 691 1032 laudat.

235 1069 326 1154 Apud
341 1070 535 1134 Antoninum
548 1068 654 1132 nutrix
675 1067 743 1151 regi
767 1067 908 1132 nuntiat:
932 1060 984 1130 ὅτι
1004 1057 1093 1153 αἰνῷ
1113 1063 1194 1154 κόρη
1214 1067 1382 1152 μακαρίων

231 1161 424 1253 ἀνθρώπων
444 1171 553 1234 ποθεῖ
572 1166 816 1251 παραγενέσθαι
842 1171 1004 1254 κρυφαῖος
1025 1164 1073 1246 εἷς
1095 1169 1153 1258 τὴν
1177 1169 1297 1256 κοίτην.
1331 1172 1383 1238 Si-

233 1274 322 1339 milia
343 1273 381 1338 de
408 1271 528 1337 nutrica
549 1270 711 1353 perhibent
736 1270 941 1335 Plutarchus:
977 1265 1042 1356 ἔφη
1063 1267 1123 1353 γὰρ
1145 1271 1275 1356 γείτονα
1298 1295 1384 1355 παρ-

232 1373 334 1440 θένον
365 1370 440 1454 ἐρᾶν
465 1363 575 1449 αὐτοῦ,
611 1369 665 1435 καὶ
691 1363 907 1450 αἰσχύνεσθαι
933 1368 967 1435 ἐν
987 1373 1122 1458 φανερῷ
1150 1372 1319 1456 προςιέναι
1351 1375 1383 1438 et

231 1475 365 1559 Oppiani
395 1474 576 1540 scholiasta:
611 1466 630 1560 ἡ
657 1467 784 1558 τροφὸς
810 1470 1024 1556 σονεκοίμησε
1052 1468 1172 1558 ταύτην
1198 1477 1245 1562 uqi
1270 1473 1382 1556 πατρί,

231 1571 406 1660 εἰσάγουσα
427 1573 508 1639 κατὰ
529 1569 586 1662 τὴν
608 1567 713 1652 νύκτα,
749 1566 795 1650 ὦς
818 1571 909 1658 ξένην
931 1577 1065 1656 γυναῖκα
1086 1577 1118 1640 ct
1133 1575 1258 1642 Servius
1274 1577 1381 1659 (Verg.

232 1679 308 1744 Boc.
330 1677 369 1754 X,
393 1679 461 1758 18):
489 1675 586 1742 ‘dixit
606 1675 738 1760 Cinyrae
768 1694 833 1740 esse
856 1675 1014 1758 quandam
1037 1677 1184 1758 puellam,
1217 1695 1296 1760 quae
1316 1676 1382 1742 eius

230 1799 335 1846 amore
356 1777 504 1862 flagraret
525 1778 556 1843 et
578 1778 777 1843 concubitum
801 1779 890 1842 nocte
916 1778 950 1842 in
979 1778 1114 1843 tenebris
1143 1781 1269 1862 propter
1296 1797 1382 1844 uere-

231 1881 378 1948 cundiam
409 1879 559 1961 expeteret
589 1879 801 1962 virginalem'.
844 1880 881 1944 In
904 1879 1061 1944 Theocriti
1088 1879 1311 1944 commentario
1333 1878 1383 1942 in·

130 2047 134 2059 ,
233 1983 351 2050 cestum
373 1982 418 2046 sic
438 1980 616 2045 instituitur
638 1980 673 2059 (l.
692 1977 745 2062 l.):
770 1972 928 2044 ἐλάνθανε
952 1978 988 2044 δὲ
1009 1975 1067 2044 τὸν
1089 1979 1215 2063 πατέρα
1236 1979 1349 2061 στολιζ
1369 2016 1381 2028 -

232 2083 311 2168 μένη
333 2081 385 2146 καὶ
406 2079 698 2165 σοναναμιγνομὲνη
721 2073 768 2158 οἷς
788 2074 986 2164 θεράπαινα,
1029 2081 1115 2162 Quae
1138 2083 1261 2148 fabulae
1282 2083 1382 2148 forma

231 2186 294 2252 alio
321 2184 500 2250 testimonio
522 2201 585 2248 non
611 2181 841 2265 comprobatur.
889 2183 971 2247 Nam
994 2184 1034 2248 ab
1056 2183 1156 2249 altera
1177 2185 1266 2266 parte
1288 2184 1382 2249 testes

231 2287 327 2366 stant,
349 2285 404 2368 qui
424 2285 546 2350 nutrice
566 2284 680 2348 omissa
692 2283 853 2367 Myrrham
875 2283 974 2365 ipsam
998 2284 1146 2365 paternae
1168 2285 1311 2350 ebrietati
1333 2285 1383 2348 in-

231 2388 396 2454 sidiantem
432 2385 570 2468 tingunt:
614 2385 820 2466 Nicephorus‚
855 2384 983 2450 Servius
1017 2385 1125 2470 (Verg.
1154 2386 1231 2450 Aen.
1256 2387 1292 2464 V,
1320 2387 1381 2469 72),

232 2487 452 2572 Mythographi
469 2486 624 2551 Vaticani.
662 2485 792 2551 Ovidius
814 2485 913 2568 igitur
936 2487 1122 2581 compilator
1143 2487 1225 2553 male
1247 2487 1381 2567 sedulus,

231 2608 410 2674 quanquam
433 2589 538 2670 postea
560 2586 612 2668 (cf.
627 2586 742 2668 uass)
765 2587 876 2668 prioris
898 2587 1015 2652 ordinis
1033 2588 1128 2652 testes
1150 2590 1272 2654 secutus
1294 2588 1382 2670 puel-

230 2692 293 2756 lam
323 2690 357 2754 in
386 2688 520 2754 tenebris
559 2707 629 2753 cum
657 2689 745 2770 patre
782 2688 983 2754 concubuisse
1011 2689 1119 2768 refert,
1157 2690 1263 2754 tamen
1296 2689 1383 2754 lenae

228 2791 334 2857 dolum
364 2790 410 2855 ita
440 2791 568 2856 exornat
600 2789 769 2872 pudicitiae
796 2755 1243 2871 praetextum⁸inconsiderate
1277 2791 1383 2874 negle-

228 2909 313 2975 gens,
337 2893 373 2955 ut
393 2910 460 2956 eam
483 2891 515 2955 iu
538 2890 684 2974 Cinyram
701 2891 821 2956 ebrium
836 2889 1024 2956 incidentem
1040 2890 1157 2975 fingat;
1180 2892 1262 2975 quod
1279 2892 1381 2976 potius

229 2993 256 3060 ei
277 2992 401 3058 fabulae
425 2991 542 3058 formae
571 2991 841 3057 accommodatum
862 2993 916 3070 est,
951 3011 986 3056 er
1008 3011 1069 3074 qua
1093 2993 1196 3057 nutrix
1218 2993 1383 3058 ministrae

229 3097 368 3179 partibus
384 3094 611 3178 coniungitur.
647 3093 751 3177 Atque
766 3092 848 3176 apud
864 3092 1011 3159 Ovidium
1026 3094 1101 3159 haec
1116 3095 1197 3160 ratio
1220 3115 1254 3162 eo
1279 3096 1383 3160 minus

228 3195 353 3276 suflicit,
393 3195 475 3280 quod
501 3212 646 3276 spurcam
670 3194 820 3260 Venerem
843 3194 965 3276 saepius
987 3195 1181 3278 integratam
1204 3215 1267 3261 esse
1288 3196 1383 3262 refert

229 3297 329 3364 v.471
347 3300 365 3360 ¹.
409 3296 444 3362 ld
463 3296 603 3379 denique,
625 3295 707 3379 quod
722 3296 794 3361 lena
810 3295 929 3378 puellae
951 3295 1061 3360 faciem
1084 3297 1202 3380 laudat,
1225 3298 1381 3363 Nasonem

229 3415 291 3464 non
313 3399 466 3464 invenisse
488 3398 551 3462 alio
574 3398 642 3462 loco
665 3397 893 3463 demonstrabo.

328 3497 455 3581 Myrrha
477 3500 581 3566 autern
604 3499 636 3562 in
659 3498 837 3564 thalamum
854 3498 997 3578 deducta,
1021 3499 1103 3564 malo
1120 3501 1222 3566 omine
1237 3502 1382 3566 revocata

229 3600 369 3665 attamen
401 3600 577 3682 procedens,
612 3618 707 3682 paene
737 3600 809 3665 ante
835 3600 941 3666 oeulos
974 3602 1098 3666 nostros
1125 3602 1252 3684 ponitur
1277 3602 1382 3669 Ovidii

228 3698 366 3764 versibus
388 3700 451 3765 454
473 3720 531 3785 sq:

327 3800 355 3864 it
375 3802 490 3882 tamen,
514 3802 544 3869 et
566 3803 711 3868 tenebrae
733 3802 879 3868 minuunt
903 3821 1022 3887 noxque
1044 3805 1115 3870 atra
1138 3804 1303 3887 pudorem;

328 3902 519 3986 nutricisque
540 3923 669 3968 manum
691 3904 780 3969 laeva
802 3904 896 3984 tenet,
919 3905 1019 3972 altera
1041 3907 1130 3972 motu

327 4021 452 4068 caecum
474 4003 535 4068 iter
558 4004 697 4086 explorat
720 4024 743 4070 e.
766 4024 795 4087 q.
819 4023 844 4069 s.

228 4101 381 4186 Argutiae
408 4103 520 4169 vividis
548 4105 702 4170 coloribus
726 4105 852 4188 singula
885 4105 1065 4185 affingentes
1088 4106 1291 4173 Alexandrini
1315 4108 1381 4174 stili

228 4237 426 4248 ——.—..

333 4321 340 4352 ¹
362 4321 549 4390 Apollodorus
563 4322 690 4391 loquitur
702 4323 737 4377 de
751 4323 898 4378 duodecim
911 4323 1049 4390 noctibus,
1070 4324 1145 4392 quod
1157 4301 1389 4394 mythologorum-

227 4407 455 4478 interpretationi
475 4427 571 4465 ansam
590 4411 658 4466 dere
676 4415 778 4480 potest.
