<?xml version="1.0" encoding="UTF-8"?>
<!DOCTYPE html PUBLIC "-//W3C//DTD XHTML 1.0 Transitional//EN"
    "http://www.w3.org/TR/xhtml1/DTD/xhtml1-transitional.dtd">
<html xmlns="http://www.w3.org/1999/xhtml" xml:lang="en" lang="en">
 <head>
  <title>
</title>
<meta http-equiv="Content-Type" content="text/html;charset=utf-8" />
  <meta name='ocr-system' content='tesseract 3.04.00' />
  <meta name='ocr-capabilities' content='ocr_page ocr_carea ocr_par ocr_line ocrx_word'/>
</head>
<body>
  <div class='ocr_page' id='page_1' title='image "./dehippolytiseur00kalkgoog_0023.png"; bbox 0 0 3154 5076; ppageno 0'>
   <div class='ocr_carea' id='block_1_1' title="bbox 822 431 854 484">
    <p class='ocr_par' dir='ltr' id='par_1_1' title="bbox 822 431 854 484">
     <span class='ocr_line' id='line_1_1' title="bbox 822 431 854 484; baseline 0 0"><span class='ocrx_word' id='word_1_1' title='bbox 822 431 854 484; x_wconf 91' lang='grc'>10</span> 
     </span>
    </p>
   </div>
   <div class='ocr_carea' id='block_1_2' title="bbox 199 603 1413 3421">
    <p class='ocr_par' dir='ltr' id='par_1_2' title="bbox 199 603 1413 3421">
     <span class='ocr_line' id='line_1_2' title="bbox 261 603 1411 690; baseline -0.003 -19"><span class='ocrx_word' id='word_1_2' title='bbox 261 607 355 671; x_wconf 88' lang='lat' dir='ltr'>verba</span> <span class='ocrx_word' id='word_1_3' title='bbox 377 605 510 690; x_wconf 79' lang='lat' dir='ltr'>proiciat</span> <span class='ocrx_word' id='word_1_4' title='bbox 531 625 560 671; x_wconf 88' lang='lat' dir='ltr'>v.</span> <span class='ocrx_word' id='word_1_5' title='bbox 586 606 666 670; x_wconf 90' lang='lat'>1010</span> <span class='ocrx_word' id='word_1_6' title='bbox 688 625 743 688; x_wconf 76' lang='lat' dir='ltr'>sq,</span> <span class='ocrx_word' id='word_1_7' title='bbox 766 623 828 670; x_wconf 93' lang='lat' dir='ltr'>non</span> <span class='ocrx_word' id='word_1_8' title='bbox 849 606 881 670; x_wconf 87' lang='lat' dir='ltr'>te</span> <span class='ocrx_word' id='word_1_9' title='bbox 906 605 1015 688; x_wconf 84' lang='lat' dir='ltr'>fugiet,</span> <span class='ocrx_word' id='word_1_10' title='bbox 1038 603 1228 688; x_wconf 77' lang='lat' dir='ltr'>quantopere</span> <span class='ocrx_word' id='word_1_11' title='bbox 1249 603 1411 686; x_wconf 76' lang='lat' dir='ltr'><strong>Euripides</strong></span> 
     </span>
     <span class='ocr_line' id='line_1_3' title="bbox 262 704 1413 787; baseline -0.002 -14"><span class='ocrx_word' id='word_1_12' title='bbox 262 707 338 773; x_wconf 93' lang='lat' dir='ltr'>haec</span> <span class='ocrx_word' id='word_1_13' title='bbox 372 707 406 772; x_wconf 94' lang='lat' dir='ltr'>in</span> <span class='ocrx_word' id='word_1_14' title='bbox 443 706 567 773; x_wconf 83' lang='lat' dir='ltr'>brevius</span> <span class='ocrx_word' id='word_1_15' title='bbox 605 705 802 771; x_wconf 77' lang='lat' dir='ltr'><strong>contraxerit.</strong></span> <span class='ocrx_word' id='word_1_16' title='bbox 868 704 955 770; x_wconf 83' lang='lat' dir='ltr'>Idem</span> <span class='ocrx_word' id='word_1_17' title='bbox 991 723 1087 787; x_wconf 87' lang='lat' dir='ltr'>aeque</span> <span class='ocrx_word' id='word_1_18' title='bbox 1123 706 1156 770; x_wconf 94' lang='lat' dir='ltr'>in</span> <span class='ocrx_word' id='word_1_19' title='bbox 1192 705 1295 770; x_wconf 87' lang='lat' dir='ltr'>totam</span> <span class='ocrx_word' id='word_1_20' title='bbox 1332 706 1413 771; x_wconf 88' lang='lat' dir='ltr'>hanc</span> 
     </span>
     <span class='ocr_line' id='line_1_4' title="bbox 262 805 1410 892; baseline -0.004 -17"><span class='ocrx_word' id='word_1_21' title='bbox 262 828 405 875; x_wconf 83' lang='lat' dir='ltr'>scaenam</span> <span class='ocrx_word' id='word_1_22' title='bbox 426 808 603 892; x_wconf 83' lang='lat' dir='ltr'>nripideam</span> <span class='ocrx_word' id='word_1_23' title='bbox 626 806 735 872; x_wconf 89' lang='lat' dir='ltr'>cadere</span> <span class='ocrx_word' id='word_1_24' title='bbox 756 807 805 872; x_wconf 89' lang='lat' dir='ltr'>vel</span> <span class='ocrx_word' id='word_1_25' title='bbox 827 807 927 871; x_wconf 91' lang='lat' dir='ltr'>obiter</span> <span class='ocrx_word' id='word_1_26' title='bbox 949 805 1213 888; x_wconf 81' lang='lat' dir='ltr'>comparationem</span> <span class='ocrx_word' id='word_1_27' title='bbox 1234 806 1410 872; x_wconf 87' lang='lat' dir='ltr'>instituent&#39;</span> 
     </span>
     <span class='ocr_line' id='line_1_5' title="bbox 262 908 1413 994; baseline -0.003 -19"><span class='ocrx_word' id='word_1_28' title='bbox 262 910 408 994; x_wconf 88' lang='lat' dir='ltr'>liquebit;</span> <span class='ocrx_word' id='word_1_29' title='bbox 444 911 480 973; x_wconf 92' lang='lat' dir='ltr'>ut</span> <span class='ocrx_word' id='word_1_30' title='bbox 509 927 576 974; x_wconf 88' lang='lat' dir='ltr'>meo</span> <span class='ocrx_word' id='word_1_31' title='bbox 609 909 686 974; x_wconf 91' lang='lat' dir='ltr'>mihi</span> <span class='ocrx_word' id='word_1_32' title='bbox 715 909 781 974; x_wconf 93' lang='lat' dir='ltr'>iure</span> <span class='ocrx_word' id='word_1_33' title='bbox 812 909 937 973; x_wconf 84' lang='lat' dir='ltr'>interim</span> <span class='ocrx_word' id='word_1_34' title='bbox 973 908 1156 975; x_wconf 88' lang='lat' dir='ltr'>contendere</span> <span class='ocrx_word' id='word_1_35' title='bbox 1186 909 1294 974; x_wconf 88' lang='lat' dir='ltr'>videar</span> <span class='ocrx_word' id='word_1_36' title='bbox 1321 909 1413 973; x_wconf 85' lang='lat' dir='ltr'>Euri-</span> 
     </span>
     <span class='ocr_line' id='line_1_6' title="bbox 263 1009 1412 1093; baseline 0 -19"><span class='ocrx_word' id='word_1_37' title='bbox 263 1010 366 1093; x_wconf 88' lang='lat' dir='ltr'>pidem</span> <span class='ocrx_word' id='word_1_38' title='bbox 386 1009 567 1092; x_wconf 89' lang='lat' dir='ltr'>Sophoclem</span> <span class='ocrx_word' id='word_1_39' title='bbox 590 1009 621 1074; x_wconf 90' lang='lat' dir='ltr'>et</span> <span class='ocrx_word' id='word_1_40' title='bbox 641 1028 702 1073; x_wconf 91' lang='lat' dir='ltr'>non</span> <span class='ocrx_word' id='word_1_41' title='bbox 725 1009 807 1074; x_wconf 91' lang='lat' dir='ltr'>huno</span> <span class='ocrx_word' id='word_1_42' title='bbox 828 1009 917 1073; x_wconf 91' lang='lat' dir='ltr'>illum</span> <span class='ocrx_word' id='word_1_43' title='bbox 941 1010 1014 1074; x_wconf 89' lang='lat' dir='ltr'>ante</span> <span class='ocrx_word' id='word_1_44' title='bbox 1037 1009 1141 1074; x_wconf 92' lang='lat' dir='ltr'>oculos</span> <span class='ocrx_word' id='word_1_45' title='bbox 1164 1010 1307 1074; x_wconf 92' lang='lat' dir='ltr'>habuisse</span> <span class='ocrx_word' id='word_1_46' title='bbox 1318 1013 1337 1073; x_wconf 89' lang='lat'>¹.</span> <span class='ocrx_word' id='word_1_47' title='bbox 1370 1045 1412 1056; x_wconf 92' lang='lat'><em>-</em></span> 
     </span>
     <span class='ocr_line' id='line_1_7' title="bbox 237 1100 1411 1193; baseline 0 -17"><span class='ocrx_word' id='word_1_48' title='bbox 237 1100 322 1177; x_wconf 60' lang='lat' dir='ltr'>&#39;Sed</span> <span class='ocrx_word' id='word_1_49' title='bbox 346 1111 516 1193; x_wconf 89' lang='lat' dir='ltr'>praesagio,</span> <span class='ocrx_word' id='word_1_50' title='bbox 550 1129 613 1193; x_wconf 90' lang='lat' dir='ltr'>qua</span> <span class='ocrx_word' id='word_1_51' title='bbox 643 1110 764 1175; x_wconf 89' lang='lat' dir='ltr'>ratione</span> <span class='ocrx_word' id='word_1_52' title='bbox 794 1109 1011 1193; x_wconf 85' lang='lat' dir='ltr'>intellegentes</span> <span class='ocrx_word' id='word_1_53' title='bbox 1045 1111 1122 1174; x_wconf 93' lang='lat' dir='ltr'>mihi</span> <span class='ocrx_word' id='word_1_54' title='bbox 1149 1111 1306 1175; x_wconf 91' lang='lat' dir='ltr'>occursuri</span> <span class='ocrx_word' id='word_1_55' title='bbox 1331 1111 1411 1176; x_wconf 90' lang='lat' dir='ltr'>sint:</span> 
     </span>
     <span class='ocr_line' id='line_1_8' title="bbox 262 1211 1411 1294; baseline 0.001 -17"><span class='ocrx_word' id='word_1_56' title='bbox 262 1212 410 1277; x_wconf 89' lang='lat' dir='ltr'>nimirum</span> <span class='ocrx_word' id='word_1_57' title='bbox 432 1211 627 1276; x_wconf 85' lang='lat' dir='ltr'>Philocteteo</span> <span class='ocrx_word' id='word_1_58' title='bbox 649 1230 772 1294; x_wconf 90' lang='lat' dir='ltr'>quoque</span> <span class='ocrx_word' id='word_1_59' title='bbox 793 1212 826 1276; x_wconf 94' lang='lat' dir='ltr'>in</span> <span class='ocrx_word' id='word_1_60' title='bbox 848 1211 915 1293; x_wconf 91' lang='lat' dir='ltr'>ipsa</span> <span class='ocrx_word' id='word_1_61' title='bbox 946 1230 1055 1276; x_wconf 89' lang='lat' dir='ltr'>scaena</span> <span class='ocrx_word' id='word_1_62' title='bbox 1077 1212 1222 1278; x_wconf 89' lang='lat' dir='ltr'>flebiliter</span> <span class='ocrx_word' id='word_1_63' title='bbox 1243 1213 1411 1278; x_wconf 89' lang='lat' dir='ltr'>lamentari</span> 
     </span>
     <span class='ocr_line' id='line_1_9' title="bbox 262 1311 1410 1395; baseline 0 -18"><span class='ocrx_word' id='word_1_64' title='bbox 262 1313 293 1377; x_wconf 90' lang='lat' dir='ltr'>et</span> <span class='ocrx_word' id='word_1_65' title='bbox 314 1331 333 1378; x_wconf 88' lang='lat' dir='ltr'>a</span> <span class='ocrx_word' id='word_1_66' title='bbox 356 1311 550 1393; x_wconf 89' lang='lat' dir='ltr'>Neoptolemi</span> <span class='ocrx_word' id='word_1_67' title='bbox 579 1311 685 1394; x_wconf 90' lang='lat' dir='ltr'>gladio</span> <span class='ocrx_word' id='word_1_68' title='bbox 714 1313 846 1376; x_wconf 89' lang='lat' dir='ltr'>mortem</span> <span class='ocrx_word' id='word_1_69' title='bbox 879 1314 1017 1394; x_wconf 84' lang='lat' dir='ltr'>expetere</span> <span class='ocrx_word' id='word_1_70' title='bbox 1051 1311 1157 1395; x_wconf 88' lang='lat' dir='ltr'>(Soph.</span> <span class='ocrx_word' id='word_1_71' title='bbox 1183 1312 1316 1378; x_wconf 89' lang='lat' dir='ltr'>Philoct.</span> <span class='ocrx_word' id='word_1_72' title='bbox 1340 1313 1410 1394; x_wconf 82' lang='lat'>747,</span> 
     </span>
     <span class='ocr_line' id='line_1_10' title="bbox 261 1412 1409 1496; baseline 0.001 -18"><span class='ocrx_word' id='word_1_73' title='bbox 261 1413 505 1496; x_wconf 78' lang='lat' dir='ltr'>cl.1204sq.);</span> <span class='ocrx_word' id='word_1_74' title='bbox 534 1412 656 1477; x_wconf 82' lang='lat' dir='ltr'>Ulixem</span> <span class='ocrx_word' id='word_1_75' title='bbox 683 1415 788 1477; x_wconf 88' lang='lat' dir='ltr'>autem</span> <span class='ocrx_word' id='word_1_76' title='bbox 815 1412 848 1477; x_wconf 95' lang='lat' dir='ltr'>in</span> <span class='ocrx_word' id='word_1_77' title='bbox 876 1412 1036 1495; x_wconf 89' lang='lat' dir='ltr'>Sophoclis</span> <span class='ocrx_word' id='word_1_78' title='bbox 1066 1414 1189 1496; x_wconf 88' lang='lat' dir='ltr'>Niptris</span> <span class='ocrx_word' id='word_1_79' title='bbox 1213 1415 1409 1480; x_wconf 87' lang='lat' dir='ltr'>vulneratum</span> 
     </span>
     <span class='ocr_line' id='line_1_11' title="bbox 260 1513 1412 1598; baseline 0.001 -19"><span class='ocrx_word' id='word_1_80' title='bbox 260 1514 293 1579; x_wconf 94' lang='lat' dir='ltr'>in</span> <span class='ocrx_word' id='word_1_81' title='bbox 315 1533 459 1580; x_wconf 86' lang='lat' dir='ltr'>scaenam</span> <span class='ocrx_word' id='word_1_82' title='bbox 480 1513 677 1596; x_wconf 86' lang='lat' dir='ltr'>deportatum</span> <span class='ocrx_word' id='word_1_83' title='bbox 699 1514 828 1580; x_wconf 85' lang='lat' dir='ltr'>comites</span> <span class='ocrx_word' id='word_1_84' title='bbox 852 1514 1026 1593; x_wconf 89' lang='lat' dir='ltr'>admonere,</span> <span class='ocrx_word' id='word_1_85' title='bbox 1058 1516 1095 1578; x_wconf 92' lang='lat' dir='ltr'>ut</span> <span class='ocrx_word' id='word_1_86' title='bbox 1118 1513 1353 1598; x_wconf 81' lang='lat' dir='ltr'>‘pedetemptim</span> <span class='ocrx_word' id='word_1_87' title='bbox 1380 1517 1412 1580; x_wconf 94' lang='lat' dir='ltr'>et</span> 
     </span>
     <span class='ocr_line' id='line_1_12' title="bbox 260 1606 1412 1699; baseline 0.002 -19"><span class='ocrx_word' id='word_1_88' title='bbox 260 1615 368 1681; x_wconf 90' lang='lat' dir='ltr'>sedato</span> <span class='ocrx_word' id='word_1_89' title='bbox 394 1616 473 1699; x_wconf 86' lang='lat' dir='ltr'>nisu,</span> <span class='ocrx_word' id='word_1_90' title='bbox 507 1635 546 1681; x_wconf 91' lang='lat' dir='ltr'>ne</span> <span class='ocrx_word' id='word_1_91' title='bbox 576 1633 724 1680; x_wconf 82' lang='lat' dir='ltr'>srrccussu</span> <span class='ocrx_word' id='word_1_92' title='bbox 754 1615 890 1698; x_wconf 84' lang='lat' dir='ltr'>adripiat</span> <span class='ocrx_word' id='word_1_93' title='bbox 921 1616 1021 1681; x_wconf 88' lang='lat' dir='ltr'>maior</span> <span class='ocrx_word' id='word_1_94' title='bbox 1052 1606 1157 1681; x_wconf 90' lang='lat' dir='ltr'>dolor&#39;</span> <span class='ocrx_word' id='word_1_95' title='bbox 1190 1634 1221 1681; x_wconf 91' lang='lat' dir='ltr'>se</span> <span class='ocrx_word' id='word_1_96' title='bbox 1253 1616 1412 1682; x_wconf 89' lang='lat' dir='ltr'>adducant</span> 
     </span>
     <span class='ocr_line' id='line_1_13' title="bbox 261 1715 1412 1802; baseline 0.001 -20"><span class='ocrx_word' id='word_1_97' title='bbox 261 1715 482 1795; x_wconf 78' lang='lat' dir='ltr'>(CiceroTusc.</span> <span class='ocrx_word' id='word_1_98' title='bbox 504 1715 545 1795; x_wconf 94' lang='lat' dir='ltr'>ll,</span> <span class='ocrx_word' id='word_1_99' title='bbox 569 1718 619 1781; x_wconf 86' lang='lat'>21.</span> <span class='ocrx_word' id='word_1_100' title='bbox 652 1717 797 1781; x_wconf 82' lang='lat' dir='ltr'>Welclrer</span> <span class='ocrx_word' id='word_1_101' title='bbox 818 1717 839 1781; x_wconf 93' lang='lat' dir='ltr'>l.</span> <span class='ocrx_word' id='word_1_102' title='bbox 862 1716 883 1782; x_wconf 89' lang='lat' dir='ltr'>l.</span> <span class='ocrx_word' id='word_1_103' title='bbox 905 1736 934 1799; x_wconf 91' lang='lat' dir='ltr'>p.</span> <span class='ocrx_word' id='word_1_104' title='bbox 957 1717 1044 1798; x_wconf 72' lang='lat'>244).</span> <span class='ocrx_word' id='word_1_105' title='bbox 1070 1753 1104 1763; x_wconf 92' lang='lat'><em>-</em></span> <span class='ocrx_word' id='word_1_106' title='bbox 1131 1717 1284 1784; x_wconf 83' lang='lat' dir='ltr'>Graviora</span> <span class='ocrx_word' id='word_1_107' title='bbox 1311 1719 1412 1802; x_wconf 87' lang='lat' dir='ltr'>igitur</span> 
     </span>
     <span class='ocr_line' id='line_1_14' title="bbox 261 1817 1410 1902; baseline 0.001 -20"><span class='ocrx_word' id='word_1_108' title='bbox 261 1817 447 1900; x_wconf 89' lang='lat' dir='ltr'>argumenta</span> <span class='ocrx_word' id='word_1_109' title='bbox 478 1817 612 1883; x_wconf 80' lang='lat' dir='ltr'>exhibeo.</span> <span class='ocrx_word' id='word_1_110' title='bbox 665 1817 891 1883; x_wconf 81' lang='lat' dir='ltr'>Gravissimum</span> <span class='ocrx_word' id='word_1_111' title='bbox 925 1818 1008 1883; x_wconf 90' lang='lat' dir='ltr'>enim</span> <span class='ocrx_word' id='word_1_112' title='bbox 1039 1819 1070 1884; x_wconf 93' lang='lat' dir='ltr'>et</span> <span class='ocrx_word' id='word_1_113' title='bbox 1105 1838 1165 1902; x_wconf 93' lang='lat' dir='ltr'>quo</span> <span class='ocrx_word' id='word_1_114' title='bbox 1197 1823 1286 1901; x_wconf 90' lang='lat' dir='ltr'>pocta</span> <span class='ocrx_word' id='word_1_115' title='bbox 1321 1819 1410 1902; x_wconf 90' lang='lat' dir='ltr'>quasi</span> 
     </span>
     <span class='ocr_line' id='line_1_15' title="bbox 260 1918 1408 2004; baseline 0.002 -20"><span class='ocrx_word' id='word_1_116' title='bbox 260 1920 378 1984; x_wconf 88' lang='lat' dir='ltr'>invitus</span> <span class='ocrx_word' id='word_1_117' title='bbox 408 1918 525 1984; x_wconf 91' lang='lat' dir='ltr'>indicet</span> <span class='ocrx_word' id='word_1_118' title='bbox 556 1937 587 1984; x_wconf 93' lang='lat' dir='ltr'>se</span> <span class='ocrx_word' id='word_1_119' title='bbox 620 1918 760 1984; x_wconf 89' lang='lat' dir='ltr'>fabulam</span> <span class='ocrx_word' id='word_1_120' title='bbox 793 1918 996 2001; x_wconf 80' lang='lat' dir='ltr'>Sophocleum</span> <span class='ocrx_word' id='word_1_121' title='bbox 1030 1919 1061 1984; x_wconf 92' lang='lat' dir='ltr'>in</span> <span class='ocrx_word' id='word_1_122' title='bbox 1099 1919 1218 1986; x_wconf 90' lang='lat' dir='ltr'>deliciis</span> <span class='ocrx_word' id='word_1_123' title='bbox 1256 1920 1408 2004; x_wconf 89' lang='lat' dir='ltr'>habuisse,</span> 
     </span>
     <span class='ocr_line' id='line_1_16' title="bbox 259 2020 1409 2104; baseline 0 -18"><span class='ocrx_word' id='word_1_124' title='bbox 259 2021 370 2099; x_wconf 88' lang='lat' dir='ltr'>idest,</span> <span class='ocrx_word' id='word_1_125' title='bbox 404 2020 487 2103; x_wconf 93' lang='lat' dir='ltr'>quod</span> <span class='ocrx_word' id='word_1_126' title='bbox 510 2021 620 2086; x_wconf 91' lang='lat' dir='ltr'>chorus</span> <span class='ocrx_word' id='word_1_127' title='bbox 642 2021 778 2104; x_wconf 91' lang='lat' dir='ltr'>primum</span> <span class='ocrx_word' id='word_1_128' title='bbox 801 2021 866 2085; x_wconf 86' lang='lat' dir='ltr'>vim</span> <span class='ocrx_word' id='word_1_129' title='bbox 889 2021 1014 2086; x_wconf 85' lang='lat' dir='ltr'>Amoris</span> <span class='ocrx_word' id='word_1_130' title='bbox 1035 2021 1181 2088; x_wconf 90' lang='lat' dir='ltr'>laudibus</span> <span class='ocrx_word' id='word_1_131' title='bbox 1206 2021 1354 2086; x_wconf 83' lang='lat' dir='ltr'>extollens</span> <span class='ocrx_word' id='word_1_132' title='bbox 1375 2021 1409 2086; x_wconf 91' lang='lat' dir='ltr'>in</span> 
     </span>
     <span class='ocr_line' id='line_1_17' title="bbox 199 2121 1409 2207; baseline 0 -21"><span class='ocrx_word' id='word_1_133' title='bbox 199 2151 203 2160; x_wconf 85' lang='lat'><em>·</em></span> <span class='ocrx_word' id='word_1_134' title='bbox 259 2122 341 2187; x_wconf 90' lang='lat' dir='ltr'>loles</span> <span class='ocrx_word' id='word_1_135' title='bbox 371 2122 543 2204; x_wconf 84' lang='lat' dir='ltr'>exemplum</span> <span class='ocrx_word' id='word_1_136' title='bbox 570 2121 682 2187; x_wconf 87' lang='lat' dir='ltr'>incidit</span> <span class='ocrx_word' id='word_1_137' title='bbox 711 2142 739 2187; x_wconf 85' lang='lat' dir='ltr'>v.</span> <span class='ocrx_word' id='word_1_138' title='bbox 762 2123 824 2187; x_wconf 83' lang='lat'>545</span> <span class='ocrx_word' id='word_1_139' title='bbox 846 2141 907 2206; x_wconf 86' lang='lat' dir='ltr'>sq,</span> <span class='ocrx_word' id='word_1_140' title='bbox 941 2124 1035 2207; x_wconf 89' lang='lat' dir='ltr'>atque</span> <span class='ocrx_word' id='word_1_141' title='bbox 1064 2122 1097 2188; x_wconf 96' lang='lat' dir='ltr'>id</span> <span class='ocrx_word' id='word_1_142' title='bbox 1125 2123 1260 2206; x_wconf 89' lang='lat' dir='ltr'>primum</span> <span class='ocrx_word' id='word_1_143' title='bbox 1293 2140 1409 2206; x_wconf 80' lang='lat' dir='ltr'>eorunm,</span> 
     </span>
     <span class='ocr_line' id='line_1_18' title="bbox 260 2222 1409 2308; baseline 0.003 -22"><span class='ocrx_word' id='word_1_144' title='bbox 260 2241 340 2305; x_wconf 89' lang='lat' dir='ltr'>qnae</span> <span class='ocrx_word' id='word_1_145' title='bbox 362 2222 540 2288; x_wconf 89' lang='lat' dir='ltr'>illustrandi</span> <span class='ocrx_word' id='word_1_146' title='bbox 562 2241 656 2288; x_wconf 90' lang='lat' dir='ltr'>causa</span> <span class='ocrx_word' id='word_1_147' title='bbox 678 2223 790 2307; x_wconf 84' lang='lat' dir='ltr'>adfert,</span> <span class='ocrx_word' id='word_1_148' title='bbox 813 2223 896 2306; x_wconf 93' lang='lat' dir='ltr'>quod</span> <span class='ocrx_word' id='word_1_149' title='bbox 910 2225 1044 2290; x_wconf 82' lang='lat' dir='ltr'>maxime</span> <span class='ocrx_word' id='word_1_150' title='bbox 1059 2243 1163 2308; x_wconf 87' lang='lat' dir='ltr'>urgeo.</span> <span class='ocrx_word' id='word_1_151' title='bbox 1212 2223 1309 2302; x_wconf 85' lang='lat' dir='ltr'>Adde,</span> <span class='ocrx_word' id='word_1_152' title='bbox 1327 2224 1409 2308; x_wconf 90' lang='lat' dir='ltr'>quod</span> 
     </span>
     <span class='ocr_line' id='line_1_19' title="bbox 259 2322 1409 2409; baseline 0.003 -22"><span class='ocrx_word' id='word_1_153' title='bbox 259 2322 297 2388; x_wconf 89' lang='lat' dir='ltr'>de</span> <span class='ocrx_word' id='word_1_154' title='bbox 320 2323 445 2390; x_wconf 87' lang='lat' dir='ltr'>fabulae</span> <span class='ocrx_word' id='word_1_155' title='bbox 467 2325 567 2390; x_wconf 84' lang='lat' dir='ltr'>forma</span> <span class='ocrx_word' id='word_1_156' title='bbox 590 2324 717 2389; x_wconf 88' lang='lat' dir='ltr'>minime</span> <span class='ocrx_word' id='word_1_157' title='bbox 738 2325 895 2390; x_wconf 89' lang='lat' dir='ltr'>constanti</span> <span class='ocrx_word' id='word_1_158' title='bbox 917 2325 1037 2409; x_wconf 90' lang='lat' dir='ltr'>agitur,</span> <span class='ocrx_word' id='word_1_159' title='bbox 1071 2327 1122 2392; x_wconf 90' lang='lat' dir='ltr'>sed</span> <span class='ocrx_word' id='word_1_160' title='bbox 1145 2326 1267 2392; x_wconf 85' lang='lat' dir='ltr'>diversa</span> <span class='ocrx_word' id='word_1_161' title='bbox 1288 2327 1409 2392; x_wconf 89' lang='lat' dir='ltr'>ratione</span> 
     </span>
     <span class='ocr_line' id='line_1_20' title="bbox 260 2425 1410 2510; baseline -0.001 -20"><span class='ocrx_word' id='word_1_162' title='bbox 260 2425 503 2506; x_wconf 87' lang='lat' dir='ltr'>ascriptoribus</span> <span class='ocrx_word' id='word_1_163' title='bbox 525 2426 672 2491; x_wconf 90' lang='lat' dir='ltr'>tractatu.</span> <span class='ocrx_word' id='word_1_164' title='bbox 716 2426 821 2508; x_wconf 85' lang='lat' dir='ltr'>Atque</span> <span class='ocrx_word' id='word_1_165' title='bbox 850 2427 914 2509; x_wconf 89' lang='lat' dir='ltr'>ipse</span> <span class='ocrx_word' id='word_1_166' title='bbox 943 2426 1107 2510; x_wconf 91' lang='lat' dir='ltr'>Sophocles</span> <span class='ocrx_word' id='word_1_167' title='bbox 1136 2427 1200 2492; x_wconf 91' lang='lat' dir='ltr'>tale</span> <span class='ocrx_word' id='word_1_168' title='bbox 1230 2426 1304 2510; x_wconf 92' lang='lat' dir='ltr'>qnid</span> <span class='ocrx_word' id='word_1_169' title='bbox 1327 2425 1410 2492; x_wconf 92' lang='lat' dir='ltr'>indi·</span> 
     </span>
     <span class='ocr_line' id='line_1_21' title="bbox 259 2517 1409 2610; baseline 0.001 -20"><span class='ocrx_word' id='word_1_170' title='bbox 259 2544 329 2591; x_wconf 91' lang='lat' dir='ltr'>care</span> <span class='ocrx_word' id='word_1_171' title='bbox 350 2525 475 2591; x_wconf 82' lang='lat' dir='ltr'>uidetur</span> <span class='ocrx_word' id='word_1_172' title='bbox 496 2527 642 2591; x_wconf 92' lang='lat' dir='ltr'>nuntium</span> <span class='ocrx_word' id='word_1_173' title='bbox 663 2527 873 2606; x_wconf 88' lang='lat' dir='ltr'>introducens,</span> <span class='ocrx_word' id='word_1_174' title='bbox 896 2528 949 2610; x_wconf 92' lang='lat' dir='ltr'>qui</span> <span class='ocrx_word' id='word_1_175' title='bbox 971 2527 1099 2594; x_wconf 89' lang='lat' dir='ltr'>Licham</span> <span class='ocrx_word' id='word_1_176' title='bbox 1122 2545 1302 2610; x_wconf 89' lang='lat' dir='ltr'>praeconem</span> <span class='ocrx_word' id='word_1_177' title='bbox 1321 2517 1409 2592; x_wconf 84' lang='lat' dir='ltr'>men·</span> 
     </span>
     <span class='ocr_line' id='line_1_22' title="bbox 259 2625 1409 2711; baseline 0.003 -21"><span class='ocrx_word' id='word_1_178' title='bbox 259 2625 341 2691; x_wconf 90' lang='lat' dir='ltr'>dacii</span> <span class='ocrx_word' id='word_1_179' title='bbox 364 2627 509 2711; x_wconf 86' lang='lat' dir='ltr'>coarguit</span> <span class='ocrx_word' id='word_1_180' title='bbox 531 2647 559 2692; x_wconf 84' lang='lat' dir='ltr'>v.</span> <span class='ocrx_word' id='word_1_181' title='bbox 579 2629 638 2693; x_wconf 88' lang='lat'>351</span> <span class='ocrx_word' id='word_1_182' title='bbox 662 2648 717 2711; x_wconf 83' lang='lat' dir='ltr'>sq,</span> <span class='ocrx_word' id='word_1_183' title='bbox 744 2628 826 2710; x_wconf 92' lang='lat' dir='ltr'>quod</span> <span class='ocrx_word' id='word_1_184' title='bbox 849 2628 1050 2708; x_wconf 90' lang='lat' dir='ltr'>contenderit,</span> <span class='ocrx_word' id='word_1_185' title='bbox 1073 2629 1237 2695; x_wconf 89' lang='lat' dir='ltr'>Herculem</span> <span class='ocrx_word' id='word_1_186' title='bbox 1260 2629 1409 2695; x_wconf 83' lang='lat' dir='ltr'>adversus</span> 
     </span>
     <span class='ocr_line' id='line_1_23' title="bbox 260 2726 1407 2814; baseline 0.001 -22"><span class='ocrx_word' id='word_1_187' title='bbox 260 2726 440 2792; x_wconf 86' lang='lat' dir='ltr'>Oechaliam</span> <span class='ocrx_word' id='word_1_188' title='bbox 464 2728 630 2793; x_wconf 81' lang='lat' dir='ltr'>exercitum</span> <span class='ocrx_word' id='word_1_189' title='bbox 654 2729 785 2809; x_wconf 82' lang='lat' dir='ltr'>duxisse,</span> <span class='ocrx_word' id='word_1_190' title='bbox 814 2731 849 2793; x_wconf 90' lang='lat' dir='ltr'>ut</span> <span class='ocrx_word' id='word_1_191' title='bbox 874 2749 906 2794; x_wconf 88' lang='lat' dir='ltr'>se</span> <span class='ocrx_word' id='word_1_192' title='bbox 927 2730 1101 2796; x_wconf 86' lang='lat' dir='ltr'>uindicaret</span> <span class='ocrx_word' id='word_1_193' title='bbox 1123 2732 1162 2796; x_wconf 92' lang='lat' dir='ltr'>ab</span> <span class='ocrx_word' id='word_1_194' title='bbox 1187 2731 1322 2814; x_wconf 77' lang='lat' dir='ltr'>Euryt03</span> <span class='ocrx_word' id='word_1_195' title='bbox 1351 2729 1407 2808; x_wconf 90' lang='lat' dir='ltr'>ita,</span> 
     </span>
     <span class='ocr_line' id='line_1_24' title="bbox 259 2827 1408 2914; baseline 0.002 -22"><span class='ocrx_word' id='word_1_196' title='bbox 259 2828 296 2893; x_wconf 92' lang='lat' dir='ltr'>ut</span> <span class='ocrx_word' id='word_1_197' title='bbox 316 2827 428 2894; x_wconf 86' lang='lat' dir='ltr'>Lichas</span> <span class='ocrx_word' id='word_1_198' title='bbox 451 2831 558 2910; x_wconf 90' lang='lat' dir='ltr'>postea</span> <span class='ocrx_word' id='word_1_199' title='bbox 581 2849 609 2895; x_wconf 84' lang='lat' dir='ltr'>u.</span> <span class='ocrx_word' id='word_1_200' title='bbox 631 2831 691 2895; x_wconf 85' lang='grc'>471</span> <span class='ocrx_word' id='word_1_201' title='bbox 715 2849 760 2914; x_wconf 89' lang='lat' dir='ltr'>sq.</span> <span class='ocrx_word' id='word_1_202' title='bbox 784 2831 887 2895; x_wconf 92' lang='lat' dir='ltr'>nuntii</span> <span class='ocrx_word' id='word_1_203' title='bbox 906 2833 1115 2897; x_wconf 89' lang='lat' dir='ltr'>narrationem</span> <span class='ocrx_word' id='word_1_204' title='bbox 1138 2832 1304 2896; x_wconf 89' lang='lat' dir='ltr'>Herculem</span> <span class='ocrx_word' id='word_1_205' title='bbox 1327 2830 1408 2895; x_wconf 90' lang='lat' dir='ltr'>Ioles</span> 
     </span>
     <span class='ocr_line' id='line_1_25' title="bbox 258 2929 1407 3016; baseline 0.001 -21"><span class='ocrx_word' id='word_1_206' title='bbox 258 2949 363 2995; x_wconf 89' lang='lat' dir='ltr'>amore</span> <span class='ocrx_word' id='word_1_207' title='bbox 385 2929 569 3013; x_wconf 89' lang='lat' dir='ltr'>flagrantem</span> <span class='ocrx_word' id='word_1_208' title='bbox 593 2931 771 3006; x_wconf 84' lang='lat' dir='ltr'>Oechaliam</span> <span class='ocrx_word' id='word_1_209' title='bbox 793 2931 988 3016; x_wconf 86' lang='lat' dir='ltr'>&#39;oppugnasse</span> <span class='ocrx_word' id='word_1_210' title='bbox 1011 2934 1100 2998; x_wconf 90' lang='lat' dir='ltr'>unice</span> <span class='ocrx_word' id='word_1_211' title='bbox 1119 2952 1224 2999; x_wconf 85' lang='lat' dir='ltr'>reram</span> <span class='ocrx_word' id='word_1_212' title='bbox 1247 2951 1311 2997; x_wconf 92' lang='lat' dir='ltr'>esse</span> <span class='ocrx_word' id='word_1_213' title='bbox 1333 2950 1407 2996; x_wconf 93' lang='lat' dir='ltr'>con-</span> 
     </span>
     <span class='ocr_line' id='line_1_26' title="bbox 259 3031 1407 3118; baseline 0.004 -24"><span class='ocrx_word' id='word_1_214' title='bbox 259 3031 363 3096; x_wconf 86' lang='lat' dir='ltr'>cedere</span> <span class='ocrx_word' id='word_1_215' title='bbox 384 3033 525 3112; x_wconf 87' lang='lat' dir='ltr'>cogatur.</span> <span class='ocrx_word' id='word_1_216' title='bbox 569 3032 759 3118; x_wconf 83' lang='lat' dir='ltr'>Pherecydes</span> <span class='ocrx_word' id='word_1_217' title='bbox 788 3035 869 3100; x_wconf 90' lang='lat' dir='ltr'>enim</span> <span class='ocrx_word' id='word_1_218' title='bbox 893 3034 931 3100; x_wconf 88' lang='lat' dir='ltr'>de</span> <span class='ocrx_word' id='word_1_219' title='bbox 955 3035 1089 3101; x_wconf 90' lang='lat' dir='ltr'>Hercule</span> <span class='ocrx_word' id='word_1_220' title='bbox 1116 3034 1155 3100; x_wconf 90' lang='lat' dir='ltr'>ad</span> <span class='ocrx_word' id='word_1_221' title='bbox 1179 3035 1332 3117; x_wconf 81' lang='lat' dir='ltr'>Eruytum</span> <span class='ocrx_word' id='word_1_222' title='bbox 1355 3052 1407 3099; x_wconf 88' lang='lat' dir='ltr'>ve-</span> 
     </span>
     <span class='ocr_line' id='line_1_27' title="bbox 258 3124 1404 3222; baseline 0.001 -27"><span class='ocrx_word' id='word_1_223' title='bbox 258 3131 362 3196; x_wconf 84' lang='lat' dir='ltr'>niente</span> <span class='ocrx_word' id='word_1_224' title='bbox 393 3132 458 3198; x_wconf 84' lang='lat' dir='ltr'>ita:</span> <span class='ocrx_word' id='word_1_225' title='bbox 495 3132 549 3197; x_wconf 82' lang='grc' dir='ltr'>καὶ</span> <span class='ocrx_word' id='word_1_226' title='bbox 575 3124 644 3222; x_wconf 78' lang='grc' dir='ltr'><strong><em>ᾔτει</em></strong></span> <span class='ocrx_word' id='word_1_227' title='bbox 673 3129 731 3222; x_wconf 77' lang='grc' dir='ltr'>τὴν</span> <span class='ocrx_word' id='word_1_228' title='bbox 763 3134 927 3219; x_wconf 72' lang='grc' dir='ltr'>θυγατέρα</span> <span class='ocrx_word' id='word_1_229' title='bbox 954 3135 1066 3216; x_wconf 85' lang='lat' dir='ltr'>(Iolen)</span> <span class='ocrx_word' id='word_1_230' title='bbox 1094 3129 1203 3219; x_wconf 79' lang='grc' dir='ltr'><em>Ὕλλῳ</em></span> <span class='ocrx_word' id='word_1_231' title='bbox 1235 3136 1404 3219; x_wconf 58' lang='grc' dir='ltr'>γοναῖκαῆ</span> 
     </span>
     <span class='ocr_line' id='line_1_28' title="bbox 258 3232 1407 3320; baseline 0.004 -25"><span class='ocrx_word' id='word_1_232' title='bbox 258 3232 403 3314; x_wconf 89' lang='lat' dir='ltr'>quocirca</span> <span class='ocrx_word' id='word_1_233' title='bbox 430 3233 513 3298; x_wconf 91' lang='lat' dir='ltr'>haud</span> <span class='ocrx_word' id='word_1_234' title='bbox 537 3236 600 3300; x_wconf 92' lang='lat' dir='ltr'>scio</span> <span class='ocrx_word' id='word_1_235' title='bbox 623 3255 663 3300; x_wconf 91' lang='lat' dir='ltr'>an</span> <span class='ocrx_word' id='word_1_236' title='bbox 687 3235 886 3320; x_wconf 83' lang='lat' dir='ltr'>Creophylus,</span> <span class='ocrx_word' id='word_1_237' title='bbox 910 3237 963 3320; x_wconf 90' lang='lat' dir='ltr'>qui</span> <span class='ocrx_word' id='word_1_238' title='bbox 985 3236 1081 3301; x_wconf 92' lang='lat' dir='ltr'>lolem</span> <span class='ocrx_word' id='word_1_239' title='bbox 1104 3237 1228 3319; x_wconf 91' lang='lat' dir='ltr'>quidem</span> <span class='ocrx_word' id='word_1_240' title='bbox 1248 3236 1345 3312; x_wconf 88' lang='lat' dir='ltr'>nouit,</span> <span class='ocrx_word' id='word_1_241' title='bbox 1368 3235 1407 3300; x_wconf 91' lang='lat' dir='ltr'>de</span> 
     </span>
     <span class='ocr_line' id='line_1_29' title="bbox 258 3331 1407 3421; baseline 0.004 -26"><span class='ocrx_word' id='word_1_242' title='bbox 258 3331 403 3398; x_wconf 91' lang='lat' dir='ltr'>Herculis</span> <span class='ocrx_word' id='word_1_243' title='bbox 436 3353 540 3401; x_wconf 89' lang='lat' dir='ltr'>amore</span> <span class='ocrx_word' id='word_1_244' title='bbox 570 3354 631 3401; x_wconf 93' lang='lat' dir='ltr'>non</span> <span class='ocrx_word' id='word_1_245' title='bbox 664 3337 818 3402; x_wconf 91' lang='lat' dir='ltr'>cecinerit.</span> <span class='ocrx_word' id='word_1_246' title='bbox 840 3374 882 3384; x_wconf 89' lang='lat'><strong>—</strong></span> <span class='ocrx_word' id='word_1_247' title='bbox 903 3338 932 3403; x_wconf 81' lang='lat' dir='ltr'>A</span> <span class='ocrx_word' id='word_1_248' title='bbox 955 3337 1104 3420; x_wconf 88' lang='lat' dir='ltr'>Sophocle</span> <span class='ocrx_word' id='word_1_249' title='bbox 1124 3338 1233 3421; x_wconf 89' lang='lat' dir='ltr'>igitur,</span> <span class='ocrx_word' id='word_1_250' title='bbox 1263 3338 1317 3420; x_wconf 91' lang='lat' dir='ltr'>qui</span> <span class='ocrx_word' id='word_1_251' title='bbox 1348 3336 1407 3401; x_wconf 92' lang='lat' dir='ltr'>hoc</span> 
     </span>
    </p>
   </div>
   <div class='ocr_carea' id='block_1_3' title="bbox 255 3587 1405 4549">
    <p class='ocr_par' dir='ltr' id='par_1_3' title="bbox 256 3587 1405 4192">
     <span class='ocr_line' id='line_1_30' title="bbox 358 3587 1405 3660; baseline 0.002 -17"><span class='ocrx_word' id='word_1_252' title='bbox 358 3589 367 3619; x_wconf 90' lang='lat'>¹</span> <span class='ocrx_word' id='word_1_253' title='bbox 388 3587 492 3645; x_wconf 89' lang='lat' dir='ltr'>Scaena</span> <span class='ocrx_word' id='word_1_254' title='bbox 504 3589 657 3658; x_wconf 80' lang='lat' dir='ltr'>Euripides</span> <span class='ocrx_word' id='word_1_255' title='bbox 669 3589 849 3660; x_wconf 78' lang='lat' dir='ltr'>Aristophani</span> <span class='ocrx_word' id='word_1_256' title='bbox 864 3588 983 3644; x_wconf 86' lang='lat' dir='ltr'>fortasse</span> <span class='ocrx_word' id='word_1_257' title='bbox 995 3589 1081 3644; x_wconf 86' lang='lat' dir='ltr'>bilem</span> <span class='ocrx_word' id='word_1_258' title='bbox 1094 3591 1192 3658; x_wconf 92' lang='lat' dir='ltr'>movit,</span> <span class='ocrx_word' id='word_1_259' title='bbox 1209 3595 1242 3644; x_wconf 90' lang='lat' dir='ltr'>ut</span> <span class='ocrx_word' id='word_1_260' title='bbox 1260 3590 1289 3644; x_wconf 88' lang='lat' dir='ltr'>in</span> <span class='ocrx_word' id='word_1_261' title='bbox 1299 3591 1405 3645; x_wconf 86' lang='lat' dir='ltr'>Achar-</span> 
     </span>
     <span class='ocr_line' id='line_1_31' title="bbox 257 3678 1405 3749; baseline 0.001 -18"><span class='ocrx_word' id='word_1_262' title='bbox 257 3678 388 3733; x_wconf 88' lang='lat' dir='ltr'>nensibus</span> <span class='ocrx_word' id='word_1_263' title='bbox 407 3680 584 3734; x_wconf 88' lang='lat' dir='ltr'>vulneratum</span> <span class='ocrx_word' id='word_1_264' title='bbox 597 3679 766 3733; x_wconf 87' lang='lat' dir='ltr'>Lamachum</span> <span class='ocrx_word' id='word_1_265' title='bbox 787 3679 817 3732; x_wconf 89' lang='lat' dir='ltr'>in</span> <span class='ocrx_word' id='word_1_266' title='bbox 834 3697 963 3734; x_wconf 88' lang='lat' dir='ltr'>scaenam</span> <span class='ocrx_word' id='word_1_267' title='bbox 983 3679 1162 3749; x_wconf 85' lang='lat' dir='ltr'>adportatum</span> <span class='ocrx_word' id='word_1_268' title='bbox 1183 3680 1283 3733; x_wconf 88' lang='lat' dir='ltr'>misere</span> <span class='ocrx_word' id='word_1_269' title='bbox 1301 3680 1405 3734; x_wconf 87' lang='lat' dir='ltr'>lamen·</span> 
     </span>
     <span class='ocr_line' id='line_1_32' title="bbox 256 3766 1404 3838; baseline 0.001 -18"><span class='ocrx_word' id='word_1_270' title='bbox 256 3770 363 3821; x_wconf 88' lang='lat' dir='ltr'>tantem</span> <span class='ocrx_word' id='word_1_271' title='bbox 389 3766 516 3838; x_wconf 87' lang='lat' dir='ltr'>fingeret.</span> <span class='ocrx_word' id='word_1_272' title='bbox 552 3769 637 3823; x_wconf 88' lang='lat' dir='ltr'>Initio</span> <span class='ocrx_word' id='word_1_273' title='bbox 665 3769 738 3822; x_wconf 89' lang='lat' dir='ltr'>enim</span> <span class='ocrx_word' id='word_1_274' title='bbox 761 3788 787 3823; x_wconf 88' lang='lat' dir='ltr'>v.</span> <span class='ocrx_word' id='word_1_275' title='bbox 809 3770 874 3822; x_wconf 84' lang='lat'>1191</span> <span class='ocrx_word' id='word_1_276' title='bbox 897 3785 937 3837; x_wconf 86' lang='lat' dir='ltr'>sq.</span> <span class='ocrx_word' id='word_1_277' title='bbox 961 3786 1072 3824; x_wconf 87' lang='lat' dir='ltr'>causam</span> <span class='ocrx_word' id='word_1_278' title='bbox 1100 3769 1188 3823; x_wconf 90' lang='lat' dir='ltr'>cladis</span> <span class='ocrx_word' id='word_1_279' title='bbox 1213 3768 1298 3822; x_wconf 78' lang='lat' dir='ltr'>simili</span> <span class='ocrx_word' id='word_1_280' title='bbox 1321 3768 1404 3822; x_wconf 91' lang='lat' dir='ltr'>modo</span> 
     </span>
     <span class='ocr_line' id='line_1_33' title="bbox 257 3856 1404 3927; baseline 0.001 -17"><span class='ocrx_word' id='word_1_281' title='bbox 257 3856 381 3924; x_wconf 88' lang='lat' dir='ltr'>exponit,</span> <span class='ocrx_word' id='word_1_282' title='bbox 402 3873 456 3925; x_wconf 91' lang='lat' dir='ltr'>quo</span> <span class='ocrx_word' id='word_1_283' title='bbox 469 3857 637 3927; x_wconf 86' lang='lat' dir='ltr'>Hippolytus</span> <span class='ocrx_word' id='word_1_284' title='bbox 657 3875 682 3911; x_wconf 89' lang='lat' dir='ltr'>v.</span> <span class='ocrx_word' id='word_1_285' title='bbox 699 3858 765 3910; x_wconf 85' lang='lat'>1347</span> <span class='ocrx_word' id='word_1_286' title='bbox 780 3875 820 3926; x_wconf 91' lang='lat' dir='ltr'>sq.</span> <span class='ocrx_word' id='word_1_287' title='bbox 858 3856 994 3911; x_wconf 87' lang='lat' dir='ltr'>Similiter</span> <span class='ocrx_word' id='word_1_288' title='bbox 1012 3857 1127 3912; x_wconf 88' lang='lat' dir='ltr'>comites</span> <span class='ocrx_word' id='word_1_289' title='bbox 1144 3857 1275 3913; x_wconf 86' lang='lat' dir='ltr'>admonet</span> <span class='ocrx_word' id='word_1_290' title='bbox 1293 3874 1318 3912; x_wconf 87' lang='lat' dir='ltr'>v.</span> <span class='ocrx_word' id='word_1_291' title='bbox 1336 3858 1404 3911; x_wconf 83' lang='lat'>1215</span> 
     </span>
     <span class='ocr_line' id='line_1_34' title="bbox 258 3945 1405 4016; baseline 0.002 -18"><span class='ocrx_word' id='word_1_292' title='bbox 258 3948 342 4013; x_wconf 88' lang='lat' dir='ltr'>atque</span> <span class='ocrx_word' id='word_1_293' title='bbox 360 3945 406 4000; x_wconf 89' lang='lat' dir='ltr'>hic</span> <span class='ocrx_word' id='word_1_294' title='bbox 428 3964 454 3999; x_wconf 85' lang='lat' dir='ltr'>v.</span> <span class='ocrx_word' id='word_1_295' title='bbox 477 3947 553 3999; x_wconf 80' lang='grc'><strong>1359.</strong></span> <span class='ocrx_word' id='word_1_296' title='bbox 575 3947 652 4014; x_wconf 85' lang='grc'><strong>1361,</strong></span> <span class='ocrx_word' id='word_1_297' title='bbox 682 3963 752 4015; x_wconf 86' lang='lat' dir='ltr'>quae</span> <span class='ocrx_word' id='word_1_298' title='bbox 777 3946 953 4016; x_wconf 81' lang='lat' dir='ltr'>Dicaeopolir</span> <span class='ocrx_word' id='word_1_299' title='bbox 981 3947 1099 4001; x_wconf 87' lang='lat' dir='ltr'>subinde</span> <span class='ocrx_word' id='word_1_300' title='bbox 1127 3947 1156 4000; x_wconf 91' lang='lat' dir='ltr'>in</span> <span class='ocrx_word' id='word_1_301' title='bbox 1185 3945 1335 4000; x_wconf 88' lang='lat' dir='ltr'>ridiculum</span> <span class='ocrx_word' id='word_1_302' title='bbox 1359 3946 1405 4000; x_wconf 87' lang='lat' dir='ltr'>de·</span> 
     </span>
     <span class='ocr_line' id='line_1_35' title="bbox 259 4034 1403 4106; baseline 0.003 -21"><span class='ocrx_word' id='word_1_303' title='bbox 259 4037 372 4101; x_wconf 90' lang='lat' dir='ltr'>torquet</span> <span class='ocrx_word' id='word_1_304' title='bbox 399 4051 426 4086; x_wconf 88' lang='lat' dir='ltr'>v.</span> <span class='ocrx_word' id='word_1_305' title='bbox 447 4035 524 4087; x_wconf 86' lang='grc'><strong>1216.</strong></span> <span class='ocrx_word' id='word_1_306' title='bbox 570 4035 675 4104; x_wconf 89' lang='lat' dir='ltr'>Neque,</span> <span class='ocrx_word' id='word_1_307' title='bbox 704 4052 786 4103; x_wconf 89' lang='lat' dir='ltr'>quern</span> <span class='ocrx_word' id='word_1_308' title='bbox 809 4034 977 4106; x_wconf 87' lang='lat' dir='ltr'>Hippolytus</span> <span class='ocrx_word' id='word_1_309' title='bbox 1007 4036 1120 4090; x_wconf 84' lang='lat' dir='ltr'>invocat</span> <span class='ocrx_word' id='word_1_310' title='bbox 1145 4035 1256 4090; x_wconf 86' lang='lat' dir='ltr'>Paeana</span> <span class='ocrx_word' id='word_1_311' title='bbox 1274 4054 1300 4089; x_wconf 88' lang='lat' dir='ltr'>v.</span> <span class='ocrx_word' id='word_1_312' title='bbox 1325 4035 1403 4105; x_wconf 85' lang='grc'><strong>1373,</strong></span> 
     </span>
     <span class='ocr_line' id='line_1_36' title="bbox 256 4120 856 4192; baseline 0.005 -17"><span class='ocrx_word' id='word_1_313' title='bbox 256 4120 413 4177; x_wconf 84' lang='lat' dir='ltr'>Lamachus</span> <span class='ocrx_word' id='word_1_314' title='bbox 434 4123 587 4192; x_wconf 87' lang='lat' dir='ltr'>implorare</span> <span class='ocrx_word' id='word_1_315' title='bbox 607 4123 716 4178; x_wconf 91' lang='lat' dir='ltr'>omittit</span> <span class='ocrx_word' id='word_1_316' title='bbox 732 4143 758 4178; x_wconf 87' lang='lat' dir='ltr'>v.</span> <span class='ocrx_word' id='word_1_317' title='bbox 781 4125 856 4178; x_wconf 82' lang='lat'>1212.</span> 
     </span>
    </p>

    <p class='ocr_par' dir='ltr' id='par_1_4' title="bbox 255 4208 1405 4549">
     <span class='ocr_line' id='line_1_37' title="bbox 359 4208 1405 4280; baseline 0.001 -17"><span class='ocrx_word' id='word_1_318' title='bbox 359 4208 478 4264; x_wconf 66' lang='lat' dir='ltr'>&#39;Schol</span> <span class='ocrx_word' id='word_1_319' title='bbox 499 4208 583 4280; x_wconf 83' lang='lat' dir='ltr'>Soph.</span> <span class='ocrx_word' id='word_1_320' title='bbox 602 4210 703 4267; x_wconf 89' lang='lat' dir='ltr'>Trach.</span> <span class='ocrx_word' id='word_1_321' title='bbox 722 4213 783 4266; x_wconf 78' lang='lat'>354.</span> <span class='ocrx_word' id='word_1_322' title='bbox 822 4213 925 4267; x_wconf 82' lang='lat' dir='ltr'>Contra</span> <span class='ocrx_word' id='word_1_323' title='bbox 944 4212 1106 4267; x_wconf 89' lang='lat' dir='ltr'>Herodorus</span> <span class='ocrx_word' id='word_1_324' title='bbox 1134 4211 1190 4265; x_wconf 93' lang='lat' dir='ltr'>iam</span> <span class='ocrx_word' id='word_1_325' title='bbox 1219 4212 1254 4266; x_wconf 91' lang='lat' dir='ltr'>de</span> <span class='ocrx_word' id='word_1_326' title='bbox 1276 4209 1405 4266; x_wconf 88' lang='lat' dir='ltr'>Herculis</span> 
     </span>
     <span class='ocr_line' id='line_1_38' title="bbox 257 4297 1405 4370; baseline 0.003 -20"><span class='ocrx_word' id='word_1_327' title='bbox 257 4299 286 4350; x_wconf 87' lang='lat' dir='ltr'>et</span> <span class='ocrx_word' id='word_1_328' title='bbox 297 4297 369 4352; x_wconf 88' lang='lat' dir='ltr'>Ioles</span> <span class='ocrx_word' id='word_1_329' title='bbox 387 4298 568 4354; x_wconf 85' lang='lat' dir='ltr'>matrimonio</span> <span class='ocrx_word' id='word_1_330' title='bbox 580 4300 716 4354; x_wconf 82' lang='lat' dir='ltr'>narravit.</span> <span class='ocrx_word' id='word_1_331' title='bbox 729 4299 819 4354; x_wconf 87' lang='lat' dir='ltr'>Schol.</span> <span class='ocrx_word' id='word_1_332' title='bbox 832 4301 900 4355; x_wconf 83' lang='lat' dir='ltr'>Eur.</span> <span class='ocrx_word' id='word_1_333' title='bbox 913 4300 978 4370; x_wconf 88' lang='lat' dir='ltr'>Hip.</span> <span class='ocrx_word' id='word_1_334' title='bbox 992 4303 1052 4354; x_wconf 78' lang='lat'>545.</span> <span class='ocrx_word' id='word_1_335' title='bbox 1073 4299 1113 4354; x_wconf 84' lang='lat' dir='ltr'>cf.</span> <span class='ocrx_word' id='word_1_336' title='bbox 1126 4299 1217 4354; x_wconf 88' lang='lat' dir='ltr'>Schol.</span> <span class='ocrx_word' id='word_1_337' title='bbox 1231 4300 1312 4355; x_wconf 90' lang='lat' dir='ltr'>Hom.</span> <span class='ocrx_word' id='word_1_338' title='bbox 1321 4320 1352 4370; x_wconf 84' lang='grc' dir='ltr'>φ.</span> <span class='ocrx_word' id='word_1_339' title='bbox 1363 4298 1405 4354; x_wconf 75' lang='grc'>32.</span> 
     </span>
     <span class='ocr_line' id='line_1_39' title="bbox 255 4385 1403 4462; baseline 0.003 -23"><span class='ocrx_word' id='word_1_340' title='bbox 255 4385 288 4440; x_wconf 85' lang='grc' dir='ltr'>Ε.</span> <span class='ocrx_word' id='word_1_341' title='bbox 308 4385 461 4442; x_wconf 84' lang='lat' dir='ltr'>Schwartz:</span> <span class='ocrx_word' id='word_1_342' title='bbox 490 4388 525 4442; x_wconf 88' lang='lat' dir='ltr'>de</span> <span class='ocrx_word' id='word_1_343' title='bbox 543 4388 628 4445; x_wconf 88' lang='lat' dir='ltr'>sohol.</span> <span class='ocrx_word' id='word_1_344' title='bbox 647 4387 728 4445; x_wconf 86' lang='lat' dir='ltr'>Hom.</span> <span class='ocrx_word' id='word_1_345' title='bbox 752 4389 788 4446; x_wconf 85' lang='lat' dir='ltr'>ad</span> <span class='ocrx_word' id='word_1_346' title='bbox 811 4389 876 4445; x_wconf 89' lang='lat' dir='ltr'>hist.</span> <span class='ocrx_word' id='word_1_347' title='bbox 898 4389 955 4446; x_wconf 86' lang='lat' dir='ltr'>fab.</span> <span class='ocrx_word' id='word_1_348' title='bbox 973 4388 1125 4462; x_wconf 86' lang='lat' dir='ltr'>pertinent.</span> <span class='ocrx_word' id='word_1_349' title='bbox 1154 4388 1289 4446; x_wconf 86' lang='lat' dir='ltr'>Fleckeis.</span> <span class='ocrx_word' id='word_1_350' title='bbox 1308 4388 1403 4460; x_wconf 86' lang='lat' dir='ltr'>Suppl.</span> 
     </span>
     <span class='ocr_line' id='line_1_40' title="bbox 256 4473 487 4549; baseline 0.009 -21"><span class='ocrx_word' id='word_1_351' title='bbox 256 4473 487 4549; x_wconf 52' lang='lat' dir='ltr'>fflpffim</span> 
     </span>
    </p>
   </div>
   <div class='ocr_carea' id='block_1_4' title="bbox 0 0 1582 5076">
    <p class='ocr_par' dir='ltr' id='par_1_5' title="bbox 0 0 1582 5076">
     <span class='ocr_line' id='line_1_41' title="bbox 0 0 1582 5076; baseline 0 2"><span class='ocrx_word' id='word_1_352' title='bbox 0 0 1582 5076; x_wconf 95' lang='lat' dir='ltr'> </span> 
     </span>
    </p>
   </div>
  </div>
 </body>
</html>
