3154 5076
739 379 770 432 41

182 550 218 614 ut
239 569 332 633 supra
355 548 444 614 evici.
477 547 634 614 Narrandi
657 566 854 631 progressum
878 548 951 613 inde
977 547 1017 614 ab
1041 547 1127 632 equis
1147 549 1222 630 iugo
1245 547 1328 613 subi·

181 651 298 734 gendis,
321 651 354 714 in
377 669 439 733 qua
463 669 496 714 re
519 647 650 714 Senecae
673 650 766 714 verba
782 669 810 714 r.
826 650 906 714 1002
928 668 973 732 sq.
997 649 1098 732 magis
1119 648 1222 714 Velati
1242 649 1329 733 frag·

182 754 285 817 mento
300 752 362 816 445
378 770 471 833 quam
489 749 661 815 (loroniferi
675 751 777 815 versui
793 751 874 814 1183
896 751 1090 834 respondent,
1112 751 1241 815 eundem
1265 769 1329 815 esse

181 853 334 917 neminem
357 852 450 934 fugit.
500 851 669 934 Insigniter
694 851 787 916 etiam
811 869 846 915 eo
868 852 1053 933 congruunt,
1081 851 1163 933 quod
1185 851 1326 915 iuuenem

180 952 286 1018 exsilio
311 951 457 1017 affectum
485 953 586 1017 multa
614 970 717 1016 secum
743 951 921 1034 loquentem
950 952 981 1015 et
1003 954 1122 1033 patrem
1145 951 1328 1018 abominan-

179 1055 243 1118 tem
276 1053 401 1136 fingunt
432 1051 523 1136 (Eur.
556 1071 584 1116 v.
611 1053 692 1116 1190
718 1071 763 1134 sq.
791 1051 861 1116 Seu.
882 1069 911 1116 r.
938 1052 1020 1116 1004
1042 1048 1127 1133 sq.)¹.
1172 1051 1222 1115 Ad
1249 1069 1328 1115 non·

178 1154 266 1219 nulla
301 1155 414 1231 autem,
447 1173 526 1236 quae
557 1133 666 1236 poetae
698 1154 839 1219 Romano
867 1153 991 1235 propria
1017 1153 1100 1236 sunt,
1124 1151 1254 1235 posthac
1279 1169 1326 1214 re-

178 1257 292 1321 vertar.
1195 1309 1196 1314 ,

278 1355 328 1420 Ad
352 1355 474 1420 cantica
495 1355 742 1437 praevertemur:
771 1354 950 1437 Euripidem
975 1353 1009 1419 in
1031 1355 1169 1419 correcta
1191 1352 1326 1419 editione

178 1458 287 1522 choros
310 1456 367 1533 vel,
391 1459 427 1519 ut
448 1457 562 1521 rectius
584 1455 697 1536 dicam,
727 1473 832 1522 eorum
855 1475 960 1521 sensus
982 1475 1111 1522 novasse
1133 1456 1265 1538 exceptis
1286 1456 1325 1520 iis

176 1557 263 1635 locis,
293 1573 424 1640 qnorum
446 1558 570 1622 mutata
593 1557 770 1622 oeconomia
792 1559 850 1622 hoc
871 1557 1051 1640 postularet,
1082 1576 1192 1639 parum
1217 1557 1326 1621 verisi-

177 1657 252 1722 mile
267 1657 423 1723 ridebitur
437 1658 476 1722 iis
493 1659 690 1740 computatis,
713 1677 792 1741 quae
809 1659 860 1723 hic
875 1659 942 1724 illic
963 1658 1000 1724 de
1022 1659 1086 1724 eius
1102 1675 1186 1722 more
1207 1660 1326 1723 retrac-

175 1758 266 1823 tandi
299 1758 400 1823 docui.
451 1758 566 1824 Seneca
598 1761 702 1824 autem
738 1760 821 1826 haud
857 1779 926 1825 raro
959 1762 991 1825 in
1023 1760 1124 1825 choris
1150 1759 1190 1825 ab
1214 1759 1323 1823 iisdem

175 1859 401 1924 sententiarum
425 1861 587 1942 capitibus,
618 1861 771 1942 aquibus
792 1861 963 1943 Euripides,
995 1861 1209 1944 proficiscitur,
1243 1859 1324 1924 unde

175 1960 325 2026 nimirum
358 1960 391 2025 in
426 1960 525 2026 altum
562 1963 685 2026 erectus
715 1961 851 2026 cuiusvis
878 1963 998 2045 generis
1020 1961 1147 2026 floscula
1169 1981 1187 2025 1
1211 1959 1322 2025 Graeci

176 2062 322 2126 cothurni
343 2062 498 2145 dignitate
521 2062 623 2128 aliena
647 2063 781 2129 orationi
802 2063 971 2139 immiscet3
993 2062 1323 2145 quamvislicetprae·

173 2163 259 2227 terea
292 2181 326 2227 eo
358 2162 502 2246 excellat,
536 2163 617 2246 quod
649 2165 773 2229 cantica
795 2164 834 2229 ab
856 2163 966 2230 idonea
989 2163 1059 2228 sede
1080 2164 1199 2227 remota
1221 2161 1321 2226 alieno

173 2264 243 2329 loco
258 2263 422 2329 inculcat2.
445 2263 559 2329 Omisit
573 2265 671 2347 igitur
685 2265 823 2347 parodon
836 2265 923 2341 (Eur.
935 2284 964 2330 v.
978 2266 1035 2329 121
1049 2265 1108 2348 sq.)
1135 2265 1166 2328 et
1188 2262 1321 2328 alterum

173 2365 325 2430 stasimon
338 2364 380 2449 (v.
394 2365 455 2429 732
467 2369 528 2448 sq.)
551 2365 643 2448 idque
658 2366 733 2444 iure,
756 2366 829 2448 quia
845 2366 885 2431 ad
907 2363 1065 2430 Phaedrae
1086 2365 1217 2429 mortem
1240 2363 1322 2428 allu-

173 2465 230 2531 dit.
275 2464 427 2548 Neglecta
448 2467 552 2531 autem
575 2466 689 2548 paredo
712 2467 878 2546 canticum,
908 2466 989 2549 quod
1012 2466 1136 2530 Amoris
1157 2467 1222 2531 vim
1244 2466 1320 2530 cele-

172 2566 255 2643 brat,
277 2565 342 2630 iam
363 2567 471 2631 statim
497 2569 567 2650 post
589 2567 719 2632 nutricis
746 2569 776 2631 et
799 2567 958 2632 Phaedrae
980 2565 1170 2649 colloquium
1189 2566 1320 2631 inseruit

172 2667 348 2750 127411,
372 2667 532 2748 Euripides
551 2667 674 2733 demum
690 2674 760 2753 post
781 2669 896 2733 amoris
918 2667 1138 2733 confessionem
1155 2687 1182 2731 u.
1192 2669 1253 2731 525
1263 2686 1318 2750 sq..

171 2768 268 2850 atque
299 2767 344 2832 ibi
365 2767 478 2849 aptius,
502 2770 649 2850 quoniam
683 2770 741 2834 hoc
771 2769 862 2834 modo
895 2788 983 2834 amor
1003 2769 1043 2834 ad
1075 2769 1222 2856 effectum,
1250 2767 1320 2832 red-

171 2869 257 2934 ditus
283 2867 471 2932 illustratur.
521 2869 635 2936 Seneca
662 2873 768 2936 autem
794 2871 844 2936 hic
873 2872 1035 2953 praecipue
1057 2870 1204 2953 quartum
1227 2865 1320 2931 Euri-

170 2967 253 3051 pidis
286 2970 436 3034 stasimon
460 2990 489 3036 v.
515 2973 594 3036 1268
623 2992 667 3056 sq.
697 2973 737 3038 ad
763 2973 909 3038 Amorem
942 2971 973 3035 id
1008 2990 1131 3054 quoque
1163 2969 1319 3053 pertinens

171 3069 354 3152 compilasse
377 3071 510 3151 videtur,
536 3073 649 3156 ubique
672 3073 816 3138 videlicet
837 3075 1019 3138 ornamenta
1041 3074 1072 3136 ot
1094 3071 1232 3152 exempla
1253 3072 1320 3134 tra·

169 3171 241 3255 gico
263 3173 430 3255 exemplari
452 3176 658 3256 repugnantia
680 3174 855 3256 Euripideis
876 3175 1087 3258 agglutinare.
1112 3209 1150 3218 -
1173 3171 1318 3237 11111111-

169 3272 247 3355 gula
268 3273 444 3354 perlustres.
487 3275 524 3338 In
557 3275 679 3341 exordio
711 3277 844 3342 telorum
872 3276 997 3340 Amoris
1027 3273 1218 3357 praestantia
1240 3272 1318 3336 cele·

170 3373 290 3458 111111,
313 3394 407 3456 quam
419 3375 581 3458 Euripides
602 3377 760 3460 significat
782 3396 811 3442 v.
834 3378 895 3441 530
912 3395 956 3460 sq.
980 3378 1011 3440 et
1035 3376 1126 3454 1271,
1147 3375 1173 3439 si
1195 3371 1319 3455 πτερόν

171 3491 243 3537 cum
267 3471 434 3540 scholiasta
454 3474 548 3554 βέλος
569 3476 792 3560 interpretaris.
837 3479 951 3543 Versus
974 3477 1043 3543 Seu.
1067 3478 1126 3540 331
1150 3495 1195 3557 sq.
1211 3474 1316 3540 eodem

169 3573 316 3652 tendunt,
340 3594 400 3657 quo
424 3575 495 3641 Eur.
519 3597 548 3642 v.
574 3579 654 3642 1272
677 3597 722 3663 sq.
747 3579 802 3660 (cl.
817 3597 845 3642 v.
860 3579 921 3642 447
937 3597 993 3661 sq,
1015 3576 1075 3660 frg.
1090 3577 1173 3658 434).
1202 3575 1316 3639 Versus

170 3676 276 3739 autem
305 3674 374 3741 sen.
403 3677 465 3740 338
487 3695 532 3760 sq.
554 3679 675 3761 copiose
701 3679 855 3762 effingunt
884 3679 956 3744 Eur.
980 3698 1008 3743 v.
1040 3677 1121 3742 1274
1145 3695 1200 3760 sq,
1221 3693 1317 3758 quam

170 3774 298 3839 eandem
318 3777 506 3842 sententiam
528 3778 565 3843 de
589 3779 705 3845 Venere
734 3781 829 3845 etiam
856 3780 888 3843 in
916 3779 1066 3844 animalia
1095 3780 1125 3842 et
1146 3777 1179 3840 in
1202 3776 1316 3858 omnia,

169 3893 249 3957 quae
281 3876 365 3941 terra
398 3877 555 3944 caelumve
588 3880 758 3964 progignit,
791 3880 973 3946 dominante
998 3879 1098 3942 fusius
1119 3877 1236 3943 tractat
1257 3875 1315 3942 So·

170 4030 368 4040 --——.—

270 4122 280 4152 ¹
316 4123 358 4176 De
380 4141 463 4178 versu
488 4124 549 4180 San.
577 4130 654 4192 1017,
683 4148 765 4198 quem
795 4149 943 4202 perperam
967 4136 1121 4205 Euripidae
1148 4141 1216 4194 1197
1241 4157 1313 4195 com·

168 4215 330 4279 posuerunt,
350 4211 385 4266 cf.
404 4213 462 4268 Leo
481 4214 499 4267 l.
519 4216 537 4266 l.
555 4233 582 4284 p.
601 4218 653 4269 201
671 4236 711 4287 sq.

268 4301 279 4332 ²
297 4299 386 4354 Huius
402 4319 550 4371 perversae
569 4306 687 4360 rationis
704 4308 806 4364 similia
825 4313 953 4381 exempla
971 4314 1152 4383 suppeditant
1164 4316 1245 4371 Herc.
1259 4317 1312 4372 fur.

169 4390 199 4439 et
215 4386 326 4457 Medea3
344 4388 379 4444 cf.
398 4389 454 4446 Leo
473 4392 492 4445 l.
511 4393 529 4446 l.
547 4410 575 4462 p.
597 4395 656 4448 161.
678 4397 736 4450 164.
