3154 5076
806 433 842 488 br

247 605 439 672 ratiocinans
466 603 599 669 uuor:
635 591 722 686 πρὸς
749 596 807 680 τὰς
832 596 929 683 τύχας
958 596 1017 686 γὰρ
1043 597 1102 680 τὰς
1132 603 1253 691 φρένας
1286 597 1399 689 κεκτή-

249 709 340 788 pedu
350 707 369 770 ¹.
423 702 484 768 Sed
516 703 691 779 videamus,
730 723 808 786 quae
841 705 1021 786 sequantur.
1080 704 1256 771 Phaedram
1291 724 1399 770 rursus

249 806 366 871 frustra
389 803 559 869 transitum
582 803 622 868 ad
646 804 754 886 coepta
777 803 954 886 exequenda
977 806 1174 886 quaerentem
1198 805 1399 888 interrumpit

249 907 333 971 filius
364 905 495 970 matrem
531 923 599 970 eam
635 905 766 970 fortuito
800 902 961 986 appellans
993 923 1022 970 v.
1047 906 1124 981 6083
1160 925 1222 988 qua
1244 903 1399 971 inuidiosa

250 1025 324 1072 voce
360 1006 518 1072 Phaedrae
551 1006 703 1070 transitus
740 1005 900 1087 aptissime
935 1006 1075 1088 paratur.
1143 1005 1320 1072 Memineris
1352 1026 1399 1072 eo

249 1107 318 1174 dem
347 1107 481 1173 artificio
504 1106 683 1188 Euripidem
721 1106 755 1170 in
787 1106 910 1170 seruata
943 1106 1114 1190 Hippolyto
1149 1127 1178 1172 v.
1211 1109 1273 1172 310
1309 1127 1399 1174 usum

249 1229 323 1292 osse,
355 1209 474 1274 scilicet
505 1208 542 1272 ut
572 1207 677 1289 aliquo
710 1207 803 1272 uerbo
828 1208 942 1271 temere
969 1207 1171 1273 intericiendo
1192 1208 1331 1274 diverbia
1352 1209 1400 1274 in·

250 1311 335 1374 certe
370 1308 556 1373 fluctuantia
590 1307 682 1371 sistat
708 1307 808 1390 iisque
829 1307 901 1372 inde
922 1326 1047 1389 prorsus
1071 1308 1225 1374 diversam
1248 1311 1332 1375 viam
1353 1310 1399 1374 in-

250 1410 450 1496 grediendam
472 1409 672 1492 praescribat.
731 1408 879 1474 Senecam
913 1411 1018 1474 autom
1053 1409 1086 1473 in
1120 1409 1178 1474 hac
1208 1410 1275 1492 ipsa
1301 1429 1334 1476 re
1360 1410 1399 1475 ad

252 1510 405 1576 Graecum
425 1510 581 1593 exemplar
603 1511 743 1592 apprime
763 1529 795 1574 se
817 1509 1020 1574 adstrinxisse
1043 1509 1105 1575 alio
1126 1513 1284 1591 praeterea
1306 1529 1399 1593 argu·

251 1613 355 1676 mento
378 1614 483 1694 postea
504 1610 700 1693 proponendo
721 1611 949 1679 demonstrabo.
972 1643 1012 1654 —
1034 1607 1157 1674 Mavult
1177 1609 1275 1692 igitur
1299 1611 1400 1676 Phae-

115 1767 118 1772 ,
251 1713 308 1778 dra
330 1713 449 1778 famula
476 1713 581 1778 vocari
609 1731 637 1776 v.
661 1713 722 1776 611
750 1712 845 1794 atque
874 1711 951 1776 adeo
979 1711 1157 1794 privignum
1185 1712 1334 1791 obsecrat,
1364 1713 1401 1778 ut

250 1814 401 1879 mandata
427 1816 548 1896 sceptra
577 1814 608 1878 et
635 1832 666 1878 se
688 1812 840 1878 famulam
864 1813 998 1894 accipiat
1020 1831 1048 1876 v.
1070 1813 1141 1878 618.
1182 1811 1305 1878 Similia
1328 1812 1400 1879 Oui-

251 1915 344 1980 diana
368 1915 471 1997 puella
492 1915 591 1980 iactat
613 1934 642 1980 v.
661 1916 740 1979 164:
761 1911 893 1979 ‘serviat
915 1913 1084 1996 Hippolyto
1104 1907 1199 1997 regia
1214 1915 1283 1980 tota
1305 1905 1399 1980 meo’.

252 2014 312 2080 Sed
347 2018 432 2081 casto
462 2016 567 2081 iuveni
600 2034 689 2080 aures
721 2015 760 2080 ad
793 2015 945 2079 lenocinia
977 2013 1085 2080 blandi
1116 2015 1246 2099 alloquii
1279 2016 1401 2081 clausae

251 2118 339 2196 sunt3
362 2117 513 2199 praeterit
537 2117 684 2199 pietatem
707 2135 780 2200 erga
795 2117 954 2198 parentem
971 2116 1103 2181 fortasse
1123 2118 1268 2199 sospitem
1285 2137 1313 2182 r.
1329 2118 1401 2182 624.

252 2218 319 2300 Quo
341 2217 442 2282 tendit
465 2216 619 2283 Ouidiana
640 2217 744 2300 puella
771 2235 798 2281 v.
824 2217 902 2281 127:
932 2211 961 2280 ‘i
982 2235 1073 2298 nunc,
1096 2217 1140 2281 sic
1163 2217 1265 2282 meriti
1285 2218 1401 2283 lectum

249 2337 388 2384 reverere
405 2318 542 2400 parentis
552 2308 571 2382 ’.
614 2317 757 2382 Phaedra
783 2317 888 2382 autem
910 2317 1039 2381 subinde
1063 2336 1142 2382 noua
1168 2317 1347 2399 periclitans
1368 2319 1399 2382 iu

250 2419 341 2485 initio
364 2419 464 2484 denuo
486 2418 633 2502 ambigue
656 2418 760 2482 locuta
779 2436 812 2516 y.
835 2419 898 2482 636
919 2436 975 2500 sq„
1007 2417 1071 2482 iam
1094 2419 1170 2482 satis
1192 2417 1286 2500 plana
1308 2419 1402 2483 verbu

251 2519 289 2584 de
315 2537 421 2584 amore
453 2517 558 2600 aliquo
588 2519 621 2583 in
654 2521 776 2600 pectore
807 2517 962 2583 saeviente
997 2518 1120 2600 proicit,
1155 2537 1250 2600 quam
1283 2519 1357 2584 coni
1387 2553 1401 2566 ·

251 2621 367 2684 sionem
394 2618 583 2701 Hippolytus
605 2637 640 2683 eo
662 2619 812 2694 sublevat,
836 2619 871 2682 ut
892 2636 1057 2682 novercam
1071 2617 1252 2700 interroget,
1276 2618 1400 2683 furatus

252 2720 362 2786 Thesei
394 2739 498 2784 amore
528 2739 557 2784 v.
581 2721 652 2799 645,
685 2720 744 2785 hao
772 2719 893 2784 ratione
914 2718 979 2800 ipse
1001 2719 1085 2784 viam
1107 2720 1306 2801 patefaciens,
1338 2737 1400 2802 qua

251 2820 394 2887 Phaedra
415 2821 489 2906 lilio,
514 2822 549 2885 ut
571 2822 604 2886 in
626 2839 686 2903 quo
707 2821 807 2902 patris
826 2820 997 2903 imaginem
1018 2821 1227 2902 recognoscat,
1263 2839 1401 2886 amorem

250 2922 319 2986 tute
348 2921 506 2987 declarare
538 2922 644 3004 possit.
678 2957 717 2966 —
750 2921 848 2986 Poeta
880 2919 979 3002 igitur
1010 2920 1103 2984 alteri
1135 2939 1282 3002 personae
1311 2921 1400 3003 quasi
1482 2910 1484 2915 ’
1567 2959 1568 2970 ¹

252 3041 364 3087 munus
390 3023 515 3106 delegat
539 3022 573 3086 in
599 3023 730 3086 molesta
757 3021 889 3086 materia
922 3038 1096 3098 sermonum
1130 3020 1177 3084 fili
1210 3020 1401 3096 deducendi;

251 3123 334 3206 quod
361 3123 526 3188 Racinium
554 3123 714 3188 imitatum
748 3141 811 3188 esso
840 3121 988 3187 adnotare
1018 3121 1115 3186 iuvat.
1170 3121 1213 3184 ht
1240 3120 1402 3202 Euripides

251 3241 352 3288 nonne
382 3223 509 3287 eandem
543 3219 695 3288 rationem
724 3223 784 3288 init
817 3224 949 3288 alteram
972 3221 1147 3286 Phaedram
1178 3221 1269 3286 anxio
1301 3221 1401 3286 affatu

251 3322 441 3387 nutriculam
463 3323 650 3388 ambientem
672 3322 790 3406 fingens
813 3342 842 3386 v.
865 3323 940 3386 345:
973 3323 1047 3398 πῶς
1073 3313 1112 3384 bv
1133 3315 1175 3386 σύ
1198 3344 1256 3404 μοι
1278 3320 1402 3402 λέξειας

250 3415 314 3503 ἁμὲ
334 3417 394 3504 χρὴ
416 3419 538 3504 λέγειη
571 3423 625 3505 qui
661 3441 766 3488 versus
799 3441 894 3505 quam
922 3423 1039 3488 celeber
1072 3422 1174 3498 suerit,
1212 3440 1273 3487 non
1300 3423 1400 3487 solum

252 3521 471 3604 Aristophanis
486 3523 616 3605 paradis
628 3523 746 3606 (liquit.
761 3524 812 3598 16)
828 3523 976 3601 declarat,
993 3522 1045 3587 sed
1061 3523 1165 3601 etiam,
1182 3526 1217 3587 ut
1233 3523 1402 3588 Buecheler

252 3642 301 3687 me
324 3623 454 3701 monuit,
479 3623 647 3688 Menander
669 3642 833 3689 conuersus
855 3645 873 3690 a
894 3624 1008 3689 Plauto
1032 3624 1142 3688 Bacch.
1166 3625 1227 3689 35:
1255 3617 1352 3706 ‘quid
1375 3625 1402 3688 si

251 3723 309 3790 hoc
331 3724 414 3805 potis
437 3725 484 3788 est
505 3725 540 3789 ut
562 3726 597 3788 tu
617 3725 731 3803 taceae,
754 3744 811 3809 ego
831 3725 963 3808 loquar?
980 3774 1084 3790 .....
1100 3725 1226 3807 lepide'.
1270 3725 1402 3792 Senecae

251 3825 356 3889 autem
379 3824 411 3889 in
433 3825 494 3890 ista
516 3844 627 3891 scaena
648 3845 681 3891 re
700 3845 773 3891 vera
795 3826 948 3892 Graecum
975 3826 1130 3908 exemplar
1157 3826 1258 3891 lacem
1279 3826 1402 3908 praetu-

257 3985 454 3994 ——.-—

354 4093 365 4124 ²
384 4091 425 4146 uf.
444 4096 516 4164 trag.
534 4093 588 4164 frg.
608 4093 700 4162 adeep.
724 4095 765 4146 16.
783 4111 809 4148 u.
829 4094 858 4146 22

487 4176 570 4234 οὐδὲν
586 4173 620 4248 ἦν
638 4175 726 4254 πάντῃ
745 4178 829 4234 καλὸν

489 4264 546 4322 οὐδ’
566 4262 691 4340 αἰσχρόν,
710 4265 777 4320 ἀλλὰ
797 4261 868 4322 ταῦτ’
888 4268 1019 4334 ἐποίησεν
1036 4267 1128 4336 ludu

383 4415 385 4418 ,
487 4355 502 4410 ὁ
522 4355 613 4427 καιρὸς
631 4354 733 4427 αἰσχρὰ
749 4360 795 4409 καὶ
814 4351 954 4416 διαλλάξας
972 4351 1049 4410 καλά.

252 4443 336 4500 οὐδὲν
354 4438 389 4500 ἄν
407 4445 507 4516 vulgo;
524 4439 609 4500 οὐδὲν
625 4436 660 4511 ἦν
678 4445 784 4500 Nauck.
