3154 5076
793 411 826 467 le

235 585 380 650 senatum
401 583 439 646 iri
464 582 633 660 affirmant,
657 602 754 666 neque
777 584 908 666 denique
932 581 1031 648 ullum
1053 583 1085 648 id
1103 601 1200 666 genus
1214 585 1382 650 remedium

232 686 367 750 exstare:
390 685 544 748 Theocrit.
566 683 612 747 Id.
636 683 719 768 XIV,
742 687 792 749 52.
823 684 945 750 Heliod.
968 684 1059 749 heth.
1080 683 1135 766 lv,
1156 684 1184 748 7.
1223 684 1383 750 Chariton.

232 786 371 868 Aphrod.
396 785 448 868 VI,
471 785 500 852 3.
525 786 552 850 7ss
588 785 704 850 Tibull.
727 786 769 869 ll,
791 787 820 850 3.
845 787 884 851 13
908 805 953 867 sq.
982 785 1071 850 ovid.
1095 785 1170 849 Her.
1193 786 1231 864 V,
1256 786 1315 850 149
1338 803 1383 868 sq.

233 886 308 950 Met.
325 886 349 964 I,
366 886 427 950 523
443 906 489 969 sq.
512 922 554 931 -
575 886 672 951 Plura
687 888 790 952 autem
803 887 836 950 in
851 886 987 951 Morrhei
1008 885 1214 968 descriptione
1236 886 1385 952 desiderio

234 986 458 1054 Chalcomedae
479 977 643 1069 flagrantis
667 987 781 1067 (Noun.
799 987 928 1070 Dionys.
942 985 1088 1065 XXXIV,
1110 985 1203 1069 lsq.)
1226 986 1385 1052 Phaedrae

233 1089 416 1152 memoriam
440 1087 584 1153 afferunt.
628 1086 710 1152 Nam
733 1083 905 1166 Merrheus,
930 1107 1020 1170 quem
1044 1088 1135 1170 poeta
1158 1087 1195 1152 de
1219 1087 1316 1152 animi
1336 1088 1386 1152 in·

234 1189 411 1255 constantia
426 1207 464 1254 ac
478 1188 605 1253 flexibili
619 1189 781 1254 voluntate
792 1207 896 1254 secum
909 1189 1088 1271 querentem
1106 1189 1251 1271 proponit
1268 1207 1294 1253 v.
1307 1189 1327 1253 8
1338 1208 1385 1271 sq.

235 1288 288 1368 (cl.
319 1289 391 1353 Eur.
415 1289 489 1370 Hip.
525 1308 554 1354 u.
578 1290 666 1370 183),
703 1290 806 1355 furore
833 1289 985 1353 excitatus
1015 1289 1046 1354 et
1072 1290 1310 1372 circumvagans
1336 1289 1388 1354 in·

233 1390 415 1472 terpellatus
438 1409 457 1454 a
480 1408 567 1454 servo
591 1390 622 1453 et
644 1388 796 1454 desideria
821 1390 922 1454 fassus
943 1390 1026 1453 huno
1048 1390 1196 1472 implorat
1220 1409 1249 1454 v.
1274 1390 1330 1456 72:

376 1484 510 1568 Ὓσακε,
536 1481 579 1578 μὴ
608 1491 746 1574 κρύψῃς,
768 1490 839 1553 τίνα
861 1482 1018 1574 φάρμακα
1039 1489 1174 1553 ποικίλα
1195 1483 1334 1554 πάσσων

385 1586 478 1656 ἔνδον
501 1589 579 1678 ἐμῆς
601 1589 734 1674 κραδίης
753 1585 887 1678 ἰήσομαι
909 1587 1002 1667 ἕλκος
1021 1585 1180 1674 Ἐρώτων.

234 1693 331 1758 Poeta
363 1695 467 1776 epicus
503 1692 638 1758 remedia
669 1694 705 1756 ut
733 1712 852 1758 merum
876 1694 1091 1758 ornamentum
1114 1693 1250 1758 amantis
1271 1691 1387 1758 descri-

236 1795 337 1876 ptioni
361 1795 503 1874 intexuit,
526 1793 681 1876 adquae,
705 1814 774 1859 curn
798 1795 889 1860 irrita
912 1796 991 1875 sint,
1023 1797 1129 1876 postea
1150 1813 1212 1860 non
1233 1795 1386 1877 recurrat;

235 1915 296 1960 non
319 1897 411 1962 aliter
433 1895 581 1978 tragicus.
618 1932 658 1941 —
692 1898 796 1978 Atque
818 1897 866 1961 his
888 1897 964 1961 locis
986 1897 1169 1962 examinatis
1191 1915 1252 1960 non
1275 1895 1386 1960 imma·

235 1998 304 2061 ture
340 1996 445 2062 videor
482 1996 618 2061 remedia
648 1997 784 2062 furorem
811 1997 952 2063 sedentia
974 1997 1093 2079 primus
1114 2015 1282 2080 agnoscere
1303 1995 1386 2078 apud

235 2098 435 2180 Propertium
457 2097 499 2177 Il,
523 2099 551 2162 1.
572 2100 610 2161 51
635 2117 697 2181 sq:

385 2198 445 2264 Seu
468 2199 545 2263 mihi
568 2200 641 2263 sunt
662 2199 821 2282 tangenda
845 2217 995 2265 novercae
1017 2199 1128 2280 pocula
1150 2199 1325 2280 Phaedrae,

433 2299 543 2382 pocula
565 2300 708 2383 privigno
732 2319 793 2364 nou
816 2301 958 2365 nocitura
980 2319 1045 2383 suo,

383 2420 437 2465 seu
460 2401 537 2465 mihi
558 2398 683 2465 Circaeo
707 2401 896 2482 pereundum
915 2401 961 2465 est
978 2401 1129 2483 gramine,
1152 2399 1217 2464 sive

435 2501 557 2566 Colchis
581 2499 771 2566 Colchiaois¹
796 2503 869 2566 urat
891 2521 967 2566 aena
991 2501 1078 2584 locis,

351 2602 354 2606 ’
385 2621 447 2666 uua
469 2621 553 2667 meos
576 2602 724 2683 quoniam
747 2601 895 2684 praedata
918 2604 965 2666 est
986 2602 1102 2667 femina
1124 2617 1239 2680 seusus,

434 2723 469 2768 ex
490 2703 549 2768 hac
571 2703 723 2766 ducentur
745 2703 853 2769 funera
875 2705 981 2769 nostra
1004 2704 1104 2769 domo.

386 2803 493 2869 Omnis
516 2805 668 2868 humanos
691 2805 782 2869 sanat
804 2805 958 2870 medicina
981 2805 1115 2870 dolores:

436 2903 518 2968 solus
541 2922 629 2968 arnor
651 2905 752 2969 morbi
775 2923 835 2968 non
860 2906 946 2971 amat
967 2905 1128 2970 artificem.

236 3003 415 3088 Sequuntur
437 3005 574 3086 exempla
597 3006 790 3070 mirabilium
812 3007 1021 3071 sanationum.
1066 3007 1164 3070 Totus
1179 3007 1284 3071 autom
1300 3005 1386 3071 locus

237 3107 359 3189 egregie
380 3107 544 3188 respondet
566 3107 708 3188 inprimis
732 3108 832 3188 Longi
855 3108 1001 3190 exemplo,
1033 3126 1104 3172 cum
1127 3107 1273 3186 medelae,
1307 3099 1388 3191 quae'

236 3207 353 3272 frustra
386 3207 500 3272 amoris
526 3208 633 3272 morbo
667 3208 865 3287 adhibentur,
903 3209 1085 3274 dividantur
1117 3209 1150 3272 in
1177 3207 1324 3273 veneficia
1356 3209 1387 3272 et

236 3307 406 3372 medicinae
428 3307 572 3373 remedia.
618 3308 647 3372 A
669 3310 840 3374 sententia:
861 3304 946 3374 ‘laus
968 3310 1000 3373 in
1023 3328 1127 3374 amore
1150 3300 1244 3374 mori'
1266 3307 1308 3394 (v.
1330 3308 1386 3390 47)

237 3409 431 3490 proficiscens
462 3411 553 3491 poeta
580 3410 732 3491 tauquam
760 3410 951 3475 vaticinatur
983 3427 1016 3473 se
1053 3410 1135 3474 hanc
1162 3410 1286 3474 leudem
1314 3428 1387 3474 oon·

237 3510 415 3574 secuturum
438 3529 515 3585 esse3
549 3510 614 3574 fore
641 3511 721 3575 euim
748 3529 919 3593 uunquam,
949 3511 985 3574 ut
1017 3510 1077 3575 sihi
1107 3529 1194 3575 amor
1227 3511 1386 3592 eripietur.

238 3610 324 3676 Haec
346 3630 407 3675 una
430 3611 583 3676 sententia
605 3612 638 3675 in
661 3612 795 3676 extremo
815 3612 951 3676 carmine
966 3611 1033 3676 fuse
1047 3611 1237 3690 illustratur,
1260 3613 1310 3676 cui
1325 3631 1387 3677 non

237 3710 445 3793 satistaciunt,
478 3711 531 3794 qui
555 3712 742 3795 intellegunt
771 3713 888 3794 philtra
916 3731 1053 3777 amorem
1080 3712 1257 3789 inicientia3
1290 3713 1386 3777 immo

238 3813 313 3877 haec
334 3812 561 3895 interpretatio,
593 3831 770 3895 quanquam
796 3814 927 3896 primam
951 3813 1228 3879 commendationis
1256 3814 1387 3896 speciem

237 3931 310 3994 prae
332 3931 364 3976 se
384 3912 453 3990 fert,
477 3912 624 3978 insereret
645 3932 769 3978 sensum
783 3914 875 3996 plane
889 3933 1005 3979 novum
1020 3914 1218 3996 alienumque
1240 3933 1258 3978 a
1281 3915 1386 3980 nostro

238 4014 383 4078 carmine.
437 4013 610 4092 Praeterea,
646 4015 769 4096 siquid
793 4015 889 4097 sapio,
921 4015 974 4086 hic
996 4015 1043 4078 est
1064 4013 1220 4096 Propertii
1242 4031 1318 4097 mos,
1351 4013 1387 4077 ut

239 4115 476 4198 cogitationem,
515 4133 586 4179 cum
619 4135 681 4198 qua
713 4115 806 4180 semel
840 4116 978 4198 aliquam
1014 4114 1103 4197 quasi
1138 4113 1386 4179 familiaritatem

341 4359 414 4413 ¹Ita
442 4358 522 4427 libri,
552 4357 687 4429 Scaliger:
717 4359 851 4414 Iolciacis.
883 4389 917 4398 -
950 4356 1083 4412 Codicum
1110 4356 1278 4426 scripturam
1306 4356 1388 4409 tueor

238 4450 356 4515 propter
375 4446 454 4501 Ouid.
474 4446 553 4500 Rem.
570 4448 666 4501 Amor.
685 4448 736 4500 261
759 4465 813 4515 sq.;
833 4465 887 4516 quo
907 4447 968 4501 iure
986 4446 1083 4500 statim
1100 4444 1218 4500 videbis.
