3142 5074
803 411 853 466 124

253 587 322 651 tum
344 605 409 652 esse
432 585 474 669 (v.
497 586 595 667 306)?
638 585 785 650 Picturae
807 584 981 650 recordatio
1004 587 1141 663 subest';
1174 588 1227 654 sed
1248 590 1331 656 inter
1354 592 1404 656 tot

255 689 347 754 buius
379 705 508 752 scaenae
537 687 767 770 descriptiones,
802 705 981 769 quanquam
1004 686 1083 752 mira
1106 689 1233 755 vectura
1255 709 1326 756 cum
1348 711 1403 757 na·

254 790 332 874 uigii
354 809 445 854 eursu
467 787 624 854 interdurn
647 787 878 872 comparatur²,
914 806 1009 851 unum
1032 787 1151 852 Moschi
1171 789 1275 855 locum
1297 794 1404 858 nostro

254 893 346 976 plane
367 890 548 972 respondere
563 890 662 974 video,
683 890 736 954 ubi
746 889 869 971 Europa
893 889 1078 954 mirabundo
1101 889 1179 955 dicit
1201 891 1247 955 Id.
1260 893 1302 972 II,
1327 893 1404 958 143:

253 992 346 1078 χηλαὶ
368 990 403 1056 δέ
429 989 482 1054 roi
508 985 591 1056 εἰσιν
613 984 740 1074 ἐρετμά.
783 1026 816 1036 -
855 989 961 1054 Lunae
997 989 1170 1072 exemplum
1197 992 1336 1058 ardentis
1369 995 1404 1059 in

255 1094 446 1178 Endymione
468 1097 510 1170 (v.
533 1094 595 1158 309
617 1092 686 1175 sql,
704 1110 783 1175 quaa
801 1090 891 1155 fratri
910 1091 1027 1156 nitidos
1049 1109 1158 1156 currus
1179 1093 1274 1158 aliter
1293 1113 1406 1178 regen-

255 1196 310 1261 dos
331 1194 396 1274 dat,
435 1194 471 1258 ut
495 1193 600 1258 noctes
626 1211 716 1256 suum
738 1193 860 1273 tempus
882 1209 919 1256 ne
941 1191 1076 1271 teneant,
1111 1193 1307 1258 erecondita
1331 1194 1406 1260 doe·

255 1297 339 1361 trina
371 1295 518 1360 haustum
552 1313 615 1360 esse
648 1292 781 1368 videtur,
822 1292 909 1357 cuius
941 1292 1051 1357 vellem
1086 1294 1301 1359 testimonium
1333 1313 1406 1377 pro-

255 1398 334 1462 ferre
355 1415 452 1479 posse.
493 1395 581 1460 Artis
601 1393 898 1476 repraesentationes
921 1395 1118 1476 quaerentem
1141 1394 1339 1460 destituent&
1363 1431 1403 1441 -

257 1497 343 1579 Quae
366 1498 470 1563 omnia
493 1516 546 1580 pro
570 1495 701 1562 Senecae
728 1494 830 1559 aetate
858 1495 888 1559 et
911 1494 1036 1577 ingenio
1058 1495 1266 1579 exquisitioris
1289 1495 1406 1561 doctri-

257 1619 315 1664 nae
336 1600 419 1664 sunt.

357 1699 498 1782 Denique
529 1700 693 1781 postquam
730 1697 863 1780 exposui,
899 1697 1053 1780 quantum
1080 1697 1264 1782 Huripideae
1285 1699 1407 1782 Hippo·

256 1800 316 1886 lyti
337 1801 462 1866 fabulae
492 1799 574 1882 apud
602 1799 767 1881 scriptores
794 1797 925 1863 arcticos
953 1797 1124 1881 valuerint,
1159 1799 1192 1862 in
1228 1801 1407 1865 universum

257 1901 480 1967 ratiocinantes
513 1918 551 1968 ne
582 1900 793 1983 neglegamus,
827 1918 921 1982 quam
956 1899 1139 1964 conueniens
1170 1901 1200 1964 et
1233 1902 1406 1983 opportuna

257 2005 325 2086 ipsa
356 2002 480 2068 fabulae
506 2002 620 2067 natura
646 2001 865 2074 Alexandrinis
894 2001 1006 2075 fuerit3
1043 2019 1113 2065 cum
1148 2000 1325 2083 saepissime
1359 2001 1408 2065 illi

259 2105 405 2194 iuvenum
438 2104 485 2169 vel
519 2105 692 2186 puellarum
729 2103 795 2168 fata
828 2102 1016 2168 illustranda
1038 2101 1096 2166 sibi
1118 2105 1332 2186 proponerent,
1353 2104 1408 2186 qui

261 2207 410 2271 Venerem
433 2205 570 2271 atrocius
592 2204 748 2287 aspernati
780 2204 884 2268 castae
909 2203 1002 2269 simul
1025 2203 1145 2268 Dianae
1173 2221 1205 2267 se
1229 2203 1409 2270 addicerent

259 2297 311 2390 (cf.
332 2307 458 2391 Diltbcy
480 2307 501 2370 1.
524 2306 546 2371 l.
567 2326 596 2388 p.
618 2308 669 2370 43.
691 2305 748 2386 114.
776 2306 897 2386 Itaque,
919 2305 946 2368 si
968 2303 1096 2386 aliquid,
1118 2302 1197 2368 illud
1218 2303 1357 2383 mirarer,
1381 2305 1409 2369 si

259 2408 356 2490 ipsius
379 2408 542 2492 Hippolyti
575 2406 690 2472 malam
727 2406 885 2471 fortunam
918 2422 1078 2486 nunquam
1100 2405 1236 2470 carmine
1258 2404 1409 2470 celebras·

258 2509 355 2576 sent⁶.

259 2668 289 2675 ...-
303 2665 452 2672 -—--·—-

363 2750 373 2781 ¹
393 2746 433 2801 of.
452 2745 533 2801 Helb.
553 2747 571 2800 l.
591 2747 608 2799 l.
627 2763 655 2815 p.
675 2747 736 2802 225.
773 2744 848 2799 Jahn
865 2744 982 2813 Europa
1000 2742 1200 2812 (Denkschrift.
1213 2742 1239 2797 d.
1254 2743 1320 2798 hist.
1338 2744 1411 2815 phil.

261 2837 354 2892 Classe
374 2837 399 2890 d.
419 2836 509 2890 Wien.
529 2835 619 2888 Akad.
638 2834 701 2889 Vol.
719 2833 825 2903 xmp.
847 2835 880 2887 14
899 2850 941 2902 sq.

361 2926 372 2958 ²
393 2923 433 2978 Cf.
452 2924 554 2978 Achill.
568 2922 629 2978 Tat.
642 2923 664 2990 1,
687 2925 710 2976 1.
735 2923 826 2977 Noun.
845 2922 960 2991 Dionys.
974 2920 995 2990 l,
1014 2923 1048 2975 65
1060 2938 1100 2990 sq.
1123 2919 1228 2975 Mosch.
1241 2918 1283 2974 ld.
1296 2920 1333 2990 II,
1348 2924 1409 2976 130.

361 3011 373 3044 ³
394 3013 616 3081 Descriptionem
623 3011 751 3066 Herculis
765 3011 881 3066 servitio
894 3011 970 3080 apud
977 3009 1133 3079 Omphalen
1146 3008 1309 3077 effeminati,
1324 3028 1410 3078 quam

260 3103 407 3168 sequentes
430 3117 525 3153 versus
544 3100 686 3168 exhibent,
708 3099 780 3152 miro
805 3098 888 3152 modo
915 3115 977 3152 cnm
1001 3099 1113 3167 pictura
1136 3097 1308 3165 Pompeiana
1327 3097 1410 3155 Helb.

259 3207 303 3243 no.
325 3189 394 3241 1140
411 3205 565 3258 congruere
581 3187 656 3242 Jahn
679 3187 785 3240 dudum
811 3187 1011 3240 animadvertit
1038 3185 1173 3254 (Bericbt.
1193 3184 1219 3238 d.
1241 3186 1329 3240 siiohs.
1347 3185 1412 3242 Ges.

260 3278 286 3332 d.
307 3277 388 3331 Wiss.
410 3279 479 3331 1855
499 3292 526 3346 p.
540 3275 593 3329 222
606 3294 658 3346 sq.;
677 3277 712 3331 of.
732 3276 835 3346 Helbig
856 3275 874 3328 l.
892 3276 911 3329 1.
930 3292 957 3344 p.
973 3277 1043 3341 113).
1075 3273 1241 3343 Quanquam
1259 3275 1329 3328 trita
1341 3274 1412 3331 haec

260 3384 304 3421 res
323 3366 428 3421 Romae
445 3370 513 3420 erut.

360 3459 371 3490 ⁴
389 3455 576 3509 Habrocomes
595 3454 702 3508 iuvenis
721 3454 823 3508 litteris
841 3453 947 3508 tinctus
967 3451 1149 3519 eruditusque
1164 3451 1277 3520 optimis
1290 3451 1411 3514 artibus,

259 3543 382 3598 venandi
401 3547 545 3613 praeterea
558 3543 706 3612 studiosus,
724 3545 858 3596 Amorem
868 3541 974 3610 spernit
988 3543 1016 3594 et
1027 3539 1146 3608 despicit
1156 3539 1294 3610 (Xenoph.
1307 3539 1410 3608 Ephes.

260 3633 282 3695 I,
304 3635 342 3698 l):
373 3635 397 3685 εἰ
414 3632 448 3686 δέ
463 3651 518 3684 που
535 3629 612 3702 ἱερὸν
635 3625 650 3697 ἢ
673 3624 786 3702 ἄγαλμα
804 3624 926 3700 ’Ἑρωτος
944 3629 1008 3698 eide,
1026 3630 1166 3698 κατεγέλα.
1203 3626 1247 3682 Sic
1265 3627 1412 3696 Euripidis

260 3721 429 3791 Hippolytus
447 3720 563 3775 Veneris
582 3725 704 3776 statuam
724 3719 852 3775 venerari
871 3723 982 3773 recusat
1000 3737 1028 3772 v.
1047 3719 1081 3772 88
1100 3734 1140 3786 sq.

362 3810 445 3864 ⁵Hic
463 3808 600 3864 adnotare
619 3810 776 3876 conveniat,
805 3826 840 3862 ne
863 3806 1029 3878 imperfecta
1047 3806 1225 3874 relinquatur
1248 3803 1413 3873 disputatio,

261 3899 416 3954 Lucienum
444 3899 474 3952 in
503 3897 598 3967 Ocypo
630 3899 776 3967 Euripidis
804 3897 987 3967 Hippolytum
1012 3895 1150 3949 Venerem
1178 3895 1353 3947 aversantem
1383 3895 1413 3946 et

261 3986 417 4042 Phaedram
433 3987 563 4041 morbum
582 3988 770 4042 occultantem
788 3987 824 4040 ad
842 3984 992 4039 ridiculum
1006 3986 1204 4054 argumentum
1216 3981 1305 4034 libere
1319 3981 1412 4034 detor-

263 4095 356 4146 quere.
376 4107 410 4116 -
429 4076 516 4130 Primi
535 4075 647 4146 prologi
665 4092 770 4139 versus,
795 4075 824 4128 in
846 4074 947 4142 quibus
965 4073 1092 4143 podagra
1111 4070 1163 4124 dea
1182 4069 1216 4123 de
1234 4069 1344 4138 ingenti
1362 4086 1413 4122 sua

262 4166 337 4236 apud
355 4165 479 4220 homines
498 4167 639 4234 potestate
657 4163 812 4232 praefatur,
830 4178 945 4231 prorsus
964 4159 1052 4214 efficti
1071 4177 1105 4214 ex
1118 4156 1279 4226 Euripideis
1299 4175 1326 4211 v.
1342 4159 1410 4225 lsq.

263 4254 323 4308 Dea
341 4252 441 4306 deinde
459 4251 584 4306 convicio
604 4250 720 4305 denotat
740 4249 865 4319 Ocypum
884 4249 927 4302 sui
946 4248 1090 4302 irrisorem
1108 4264 1134 4300 v.
1148 4246 1183 4296 24
1195 4262 1245 4312 sq,
1273 4246 1306 4296 ut
1318 4241 1415 4296 Venus

262 4341 446 4411 Hippolytum
466 4340 616 4394 simillimis
633 4339 760 4394 versibus
782 4341 815 4391 10
833 4341 862 4392 61
884 4339 924 4390 13.
971 4335 1157 4406 Prologorum
1176 4331 1317 4387 clausulae
1341 4331 1412 4386 item

262 4434 421 4501 congruunt
439 4430 516 4499 (Luc.
539 4431 573 4483 33
593 4445 632 4497 sq.
664 4428 732 4482 Eur.
752 4427 783 4481 til
800 4427 857 4494 sq).
887 4455 916 4464 -
941 4423 1050 4494 Ocypus
1069 4423 1263 4493 paedagogum
1278 4417 1412 4473 morbum
