3142 5074
795 419 831 474 82

242 593 352 678 unicus
374 594 483 660 auctor
506 595 553 659 est
574 593 729 659 iambum
752 594 877 677 partum
900 593 1018 660 editum
1042 613 1116 672 esse,
1149 593 1210 658 nisi
1234 592 1389 658 Theocrit'

240 693 427 760 scholiastae
447 694 646 759 historiolam
666 694 838 760 adsciscere
859 694 921 759 ris:
957 688 1150 775 ὕστερονδὲ
1172 693 1392 779 ἐγκυμονοῦσα

241 794 296 860 καὶ
316 795 460 878 γεννῶσα
481 782 696 860 τὸν’Ἀδωνιν
717 788 889 882 ἐφωράθη.
913 790 966 880 ἐφ’
989 781 1043 871 οἷς
1060 784 1231 881 α’χθομένη
1246 788 1393 880 deiope-

240 895 356 981 νομένη
390 885 509 981 ηὔξατο
541 892 589 974 εἷς
621 889 796 978 ὁμώνυμον
829 891 934 982 φονον
966 895 1210 985 pecunarium.
1267 896 1392 979 Reliqui

242 1017 346 1065 omnes
369 999 494 1065 Adonin
528 1017 563 1062 er
594 997 661 1079 ipsa
693 998 802 1063 arbore
831 997 942 1062 natum
974 1017 1039 1062 esse
1068 998 1188 1077 uolunt,
1220 998 1293 1063 fissa
1325 1016 1394 1062 cor-

238 1101 310 1180 tice,
332 1101 368 1164 ut
391 1098 520 1166 Ovidius
540 1098 748 1180 Apollodorus
770 1099 983 1182 Lycophronis
1004 1098 1174 1164 scholiasta
1189 1100 1392 1182 Nicephorus

241 1199 299 1266 eui
321 1201 366 1266 rei
388 1199 514 1266 Seruius
536 1200 635 1265 altero
657 1198 726 1264 loco
749 1200 855 1282 (Verg.
869 1199 947 1265 Aen.
965 1200 1002 1282 V,
1026 1201 1077 1276 72)
1106 1200 1197 1281 plura
1218 1201 1311 1266 verba
1332 1200 1395 1264 im·

239 1301 364 1384 pendit:
394 1299 564 1385 ‘percussa
592 1302 628 1365 nt
650 1301 779 1384 quidam
799 1300 920 1378 volunt,
943 1320 962 1365 a
984 1301 1084 1383 patris
1105 1301 1211 1384 gladie
1222 1303 1240 1380 ¹,
1263 1301 1300 1364 ut
1322 1301 1394 1382 qui-

240 1402 322 1480 dam,
345 1403 385 1467 ab
406 1419 481 1484 apro
502 1404 668 1485 parvulum
692 1395 808 1468 edidit'
831 1403 887 1482 (so.
905 1401 1034 1485 Myrrha
1056 1403 1089 1466 in
1111 1402 1251 1468 arborem
1273 1400 1393 1482 versa);

239 1503 338 1568 altero
371 1503 478 1586 (Verg.
513 1504 590 1569 Buc.
619 1504 659 1578 X,
699 1503 752 1584 18)
787 1504 914 1570 tantum
949 1503 987 1568 de
1019 1503 1087 1584 apri
1118 1503 1210 1568 dente
1241 1494 1393 1584 loquitur.

241 1604 335 1686 Apud
358 1603 504 1670 Ovidium
526 1624 557 1671 u.
581 1606 643 1670 510
666 1625 710 1688 sq.
732 1606 850 1670 Lucina
874 1625 962 1688 opem
985 1605 1046 1670 lert
1074 1602 1295 1686 ‘admovitque
1324 1622 1393 1668 ma-

240 1723 297 1769 nus
320 1706 351 1769 et
370 1707 465 1771 verba
480 1725 629 1789 puerpera
642 1707 734 1771 dirit'
746 1709 768 1772 ².
782 1708 922 1773 -Unus
936 1705 1070 1772 Ovidius
1086 1705 1218 1787 deniquo
1232 1704 1392 1788 Myrrham

241 1825 295 1889 per
308 1806 410 1871 varias
426 1807 524 1873 terras
548 1809 716 1891 vagantem
739 1808 832 1891 fingit
854 1828 883 1873 r.
895 1808 956 1872 477
969 1827 1014 1890 sq.
1026 1810 1049 1886 ³,
1072 1826 1151 1890 quae
1162 1806 1269 1873 Servio
1283 1805 1392 1888 (Verg.

241 1907 317 1972 Buc.
333 1907 373 1990 X,
391 1909 443 1987 18)
470 1910 502 1973 et
517 1909 681 1975 Lactantio
698 1909 827 1975 Placido
846 1909 972 1976 auctore
990 1909 1023 1972 in
1042 1909 1138 1974 silvas
1157 1907 1282 1972 tantum
1299 1907 1392 1986 fugit.

241 2007 300 2073 Sed
316 2008 420 2074 Ovidii
444 2011 669 2094 geographicas
693 2012 833 2076 notiones
856 2011 882 2074 si
898 2010 938 2076 ad
954 2010 1061 2076 vivum
1077 2027 1213 2074 resecare
1227 2007 1391 2086 studueris,

239 2108 323 2174 haud
345 2109 464 2175 levibus
483 2110 716 2192 impedimentis
737 2111 965 2194 illaqueaberis,
990 2111 1026 2174 ut
1048 2109 1165 2174 dudum
1190 2109 1316 2192 Dilthey
1338 2109 1393 2174 ob·

240 2209 377 2275 serravit
404 2208 440 2294 (l.
462 2210 483 2275 l.
505 2230 535 2293 p.
558 2208 625 2293 48).
668 2211 755 2276 Licet
782 2211 864 2276 enim
880 2211 1030 2293 'poeticae
1058 2205 1203 2274 licentiae
1229 2204 1391 2286 condones,

241 2310 322 2394 quod
345 2309 386 2374 ad
407 2307 544 2394 Cyprum
565 2310 711 2393 insulam,
741 2311 822 2376 unde
845 2311 1002 2393 profectus
1025 2311 1080 2389 est,
1111 2326 1271 2392 nunquam
1297 2309 1392 2390 respi-

240 2412 313 2494 ciat,
338 2431 437 2476 nonne
459 2412 514 2494 qui
529 2411 705 2476 Panchaiae
726 2411 833 2476 telluri
855 2411 1018 2490 irascatur,
1044 2410 1127 2493 quod
1150 2428 1288 2476 murram
1312 2409 1393 2474 ferat

241 2531 269 2578 v.
297 2513 373 2589 309,
414 2511 496 2577 idem
529 2512 635 2594 postea
667 2509 866 2594 neglegenter
896 2512 1005 2578 scribit
1032 2511 1192 2595 Myrrham
1226 2509 1391 2575 Panchaea

240 2631 314 2678 rura
344 2612 504 2694 reliquisse
531 2612 562 2676 et
590 2612 709 2678 Sabaea
735 2614 838 2695 potius
866 2614 949 2678 terra
978 2612 1090 2678 fessam
1117 2611 1244 2676 tandem
1270 2609 1390 2693 requie-

180 2727 182 2733 ·
239 2713 343 2779 visse?
385 2713 433 2776 An
465 2712 505 2778 ad
533 2711 633 2778 Servii
666 2713 770 2778 locum
803 2712 1222 2798 (Verg.Georg.II,115):
1254 2709 1389 2776 ‘Arabia

240 2813 399 2879 Panchaia
422 2813 452 2878 et
474 2813 663 2879 Sabaeorum
685 2834 760 2899 gens
784 2816 890 2882 eadem
909 2817 968 2898 est,
992 2814 1073 2898 apud
1097 2814 1264 2897 quamtus
1289 2813 1391 2877 nasci-

240 2914 306 2979 tur’
332 2915 466 2998 refugies
488 2915 520 2980 et
541 2916 678 2998 puellam
700 2918 791 2999 quasi
813 2917 846 2981 in
867 2936 944 3001 gyro
967 2916 1199 2993 circumactam,
1223 2913 1304 2978 unde
1319 2931 1390 2995 pro-

240 3015 321 3082 fecta
343 3015 394 3093 sit,
426 3015 531 3080 eodem
555 3017 670 3082 reverti
692 3018 834 3084 statues?
877 3019 978 3082 Immo
1006 3036 1076 3082 cum
1105 3017 1202 3081 totius
1230 3014 1292 3079 loci
1317 3030 1391 3078 con·
1481 3063 1483 3068 .

240 3115 387 3181 formatio
410 3118 594 3199 argumento
617 3118 659 3182 sit
674 3117 822 3184 Ovidium
844 3119 895 3183 hic
917 3118 1081 3183 discrimen
1098 3116 1207 3181 fecisse
1221 3113 1304 3178 inter
1319 3112 1390 3176 illas

239 3217 355 3299 genter,
378 3216 471 3299 fugae
491 3215 647 3283 fictionem
669 3220 752 3286 haud
773 3219 935 3308 fortuitam
961 3238 1025 3284 esso
1047 3215 1237 3283 crediderim.
1282 3211 1393 3277 Potuit

239 3335 313 3382 sane
336 3316 481 3392 Libanus,
505 3336 583 3402 quae
606 3321 652 3384 est
675 3320 800 3386 fabulae
823 3338 934 3384 scaena
957 3318 1038 3401 apud
1062 3316 1266 3392 Antoninum,
1290 3315 1318 3378 ei
1336 3313 1391 3378 ob·

239 3415 371 3492 versari;
394 3417 505 3484 Sabaei
527 3420 609 3485 enim
630 3420 799 3486 secundum
821 3419 978 3486 Isidorum
1001 3419 1100 3502 (Orig
1122 3418 1161 3496 X,
1186 3418 1214 3480 2.
1237 3416 1292 3493 49)
1313 3413 1391 3496 ‘ipsi

238 3518 313 3582 sunt
339 3517 370 3582 et
391 3519 518 3604 Arabes,
551 3521 605 3604 qui
631 3521 664 3586 in
693 3521 849 3587 montibus
872 3513 1020 3587 Arabiae
1035 3520 1117 3599 sunt,
1152 3518 1205 3601 qui
1236 3519 1390 3582 vocantur

342 3754 352 3786 ¹
371 3753 465 3808 Unum
482 3754 536 3808 hoe
553 3754 670 3809 tradunt
688 3759 834 3824 praeterea
851 3755 1053 3826 Mythographi
1072 3753 1210 3809 Vaticani.

340 3841 530 3896 ²Antoninus
558 3846 669 3912 patrem
694 3848 815 3899 mortem
843 3848 941 3914 sponte
972 3843 1120 3913 sumpsisse
1147 3841 1289 3912 perhibet3
1320 3839 1390 3894 item

241 3929 368 4002 Hyginus
386 3929 405 3984 f.
429 3932 490 3985 242.
1360 3915 1362 3922 ¹

338 4019 349 4050 ⁸
368 4017 547 4074 Nemesianus
567 4019 699 4090 Cyneget.
718 4039 745 4074 v.
765 4022 799 4074 26
818 4038 873 4089 squ

388 4104 521 4174 Byblidos
540 4106 676 4162 indictum
695 4107 767 4160 nulli
786 4108 889 4162 scelus:
910 4108 996 4177 impia
1014 4107 1145 4177 Myrrhae

389 4194 529 4249 connubia
546 4198 574 4249 et
592 4211 673 4249 saevo
693 4196 830 4250 violatum
849 4196 965 4250 erimine
984 4200 1093 4266 patrem

387 4282 524 4347 novimus,
543 4286 630 4351 utque
649 4281 776 4336 Arabum
794 4282 904 4353 fugiens
924 4301 986 4338 cnm
1005 4288 1133 4353 carperet
1152 4296 1219 4336 arva

388 4369 441 4423 ivit
459 4370 488 4423 in
507 4370 638 4424 arboreas
657 4369 771 4424 frondes
791 4371 967 4439 animamque
985 4372 1123 4426 virentem
1260 4361 1264 4367 ¹

238 4453 370 4510 Ovidium
389 4461 455 4512 ante
474 4457 568 4512 oeulos
587 4457 718 4512 habuisse
736 4459 849 4513 videtur
868 4458 911 4524 (of.
931 4458 981 4514 Ov.
1000 4461 1062 4514 Art.
1081 4464 1144 4515 Am.
1163 4460 1185 4530 Ι,
1205 4461 1257 4514 283
1277 4461 1340 4530 sq.).
