3154 5076
757 355 791 410 49

200 530 309 614 Neque
331 531 533 614 neglegenda,
566 550 644 614 quae
666 531 835 596 scholiasta
867 530 972 596 eadem
1006 531 1169 596 vorbomm
1192 530 1351 596 construc-

200 632 284 696 tione
307 650 368 713 qua
390 630 590 712 Asclepiades
619 649 693 696 usus
717 630 806 694 addit
837 635 878 708 (v.
902 631 956 709 46)
967 653 979 708 :=
1008 627 1041 706 ἐς
1069 628 1153 715 τρίςε
1186 629 1264 713 μίαν
1290 629 1350 713 μὲν

199 723 342 819 ᾐτήσατο
364 720 518 794 ἀνελθεῖν
543 728 579 811 ἐξ
592 726 721 814 Ἅιδου,
756 729 909 813 δευτέραν
935 728 970 794 ἐκ
993 729 1205 815 λαβυρίνθου,
1237 730 1348 816 τρίτην

198 839 258 895 σου
269 825 468 896 Ἱππολύτου
483 835 503 896 ¹.
534 833 639 914 Ipsam
663 833 767 897 autem
787 831 953 915 Hippolyti
976 832 1229 898 sollicitationem
1241 834 1347 900 Ascle-

198 933 303 1016 piades
325 933 431 1016 paucis
453 933 601 997 absolvit:
630 926 678 1008 εἷς
704 931 864 1016 Τροιζῆνα
885 931 921 996 δέ
943 925 1081 1013 ὕστερον
1103 933 1347 1018 παραγενομένη

198 1035 252 1114 (se.
268 1031 406 1115 Φαίδρα)
421 1032 580 1097 διενοεῖτο
596 1032 731 1096 πείθειν
745 1027 803 1097 τδν
824 1031 992 1097 νεανίσκον
1013 1027 1109 1110 ὅπως
1130 1025 1211 1121 αὐτῇ
1230 1034 1347 1119 μιγείη,

199 1134 280 1217 quod
296 1136 407 1199 notatu
423 1134 568 1216 dignum;
591 1135 714 1217 quando
738 1153 852 1213 omnes,
877 1153 953 1217 quas
975 1136 1146 1211 recensebo,
1168 1137 1349 1202 narratiun-

199 1237 295 1316 culae,
319 1235 442 1301 etiamsi
464 1235 496 1299 in
518 1236 675 1301 nonnullis
691 1237 781 1301 rebus
796 1236 954 1302 evidenter
969 1238 1123 1302 servatam
1140 1236 1345 1322 Hippolytum

198 1337 388 1420 exprimunt,
427 1339 532 1402 tamen
568 1338 607 1402 ab
641 1337 811 1402 artificiosa
844 1338 908 1402 eius
941 1338 1111 1422 elegantia,
1149 1357 1210 1420 qua
1243 1338 1348 1402 nutrix

198 1438 370 1504 Phaedram
388 1439 480 1504 ‘tecte
502 1438 654 1503 volentem
684 1439 839 1503 nolentem
867 1439 900 1502 in
928 1440 1093 1521 perniciem
1124 1439 1220 1531 rapit,
1250 1439 1283 1502 in
1312 1457 1346 1503 eo

197 1539 336 1604 recedere
367 1540 476 1618 solent,
511 1539 592 1622 quod
626 1540 746 1604 nutrice
779 1539 842 1604 fere
874 1559 993 1622 semper
1028 1541 1141 1605 omissa
1172 1538 1345 1605 Phaedram

197 1643 296 1724 ipsam
318 1643 458 1706 iuvenem
471 1640 635 1707 adeuntem
659 1642 699 1723 ot,
722 1642 758 1704 ut
779 1641 838 1706 sibi
861 1641 908 1705 sui
927 1642 1046 1723 copiam
1063 1641 1169 1720 faciat,
1193 1640 1345 1723 petentem

197 1743 330 1827 fingunt.
374 1743 460 1824 Quae
482 1743 528 1808 est
550 1744 679 1825 simplex
701 1743 897 1826 genuinoque
919 1744 1021 1828 mythi
1050 1743 1160 1823 forma,
1195 1742 1245 1807 cui
1275 1761 1346 1807 cum

198 1847 348 1909 cothurno
381 1847 505 1910 omnino
536 1844 612 1908 nihil
642 1845 688 1908 est
720 1863 891 1910 commune.
935 1845 972 1908 ln
995 1845 1042 1909 his
1072 1864 1154 1924 vero,
1188 1864 1267 1927 quae
1294 1845 1347 1910 de·

197 1946 267 2011 inde
293 1949 479 2012 narrantur:
516 1944 668 2026 χαλεπῶς
691 1944 720 2008 δ’
743 1940 867 2008 ἐκείνου
889 1943 1151 2028 προςδεξαμένου
1172 1940 1229 2010 τδν
1251 1939 1347 2030 λόγον

197 2046 320 2131 λέγεται
343 2049 576 2133 φοβηθεῖσανῖ
597 2036 699 2132 ου’τὴν
721 2037 935 2130 ἄντιστρέψαι
956 2041 1014 2134 την
1036 2043 1141 2112 αἰτίαν
1162 2046 1229 2114 κτλ.
1255 2065 1347 2111 orna-

196 2150 336 2214 mentum
359 2168 375 2214 e
397 2148 559 2231 tragoedia
581 2149 688 2212 nostra
711 2149 869 2213 sublatum
893 2144 995 2231 prodit
1018 2149 1217 2231 participium
1240 2149 1346 2234 φοβη-

196 2253 325 2315 θεῖσαν.
369 2249 494 2314 Etenim
521 2248 625 2313 Diana
660 2248 697 2312 de
727 2248 871 2313 Phaedra
904 2249 1092 2314 calumniam
1124 2249 1236 2314 molita
1268 2248 1347 2313 dicit

197 2371 226 2416 v.
241 2353 334 2416 1310:
358 2374 377 2438 η
399 2349 426 2413 δ’
452 2345 498 2425 εἷς
522 2345 652 2431 ἔλεγχον
674 2342 720 2433 μὴ
742 2346 827 2434 πέσῃ
843 2347 1032 2435 φοβουμένη
1053 2349 1149 2429 saw,
1173 2368 1233 2432 quo
1256 2369 1346 2415 versu

198 2451 410 2534 Asclepiadem
433 2451 562 2516 abusum
595 2469 658 2514 esse
690 2449 758 2514 ideo
782 2447 958 2516 firmissime
983 2470 1138 2529 assevero,
1174 2450 1248 2534 quia
1274 2450 1347 2514 reli·

196 2573 273 2636 quos
295 2551 512 2635 compilatores
533 2551 655 2632 praeter
677 2549 840 2634 prologum
858 2551 934 2615 item
954 2551 994 2616 ad
1016 2552 1117 2634 ipsum
1132 2551 1215 2616 hunc
1231 2552 1345 2630 locum,

197 2673 257 2737 quo
280 2654 383 2718 Diana
405 2671 452 2716 res
475 2652 582 2733 paucis
604 2651 722 2716 revelat
747 2651 779 2715 et
808 2653 1048 2734 comprehendit,
1085 2671 1116 2717 se
1144 2652 1345 2718 adstrinxisse

196 2754 401 2820 demonstrari
433 2753 545 2835 potest.
597 2752 686 2834 Quod
715 2751 755 2817 ad
789 2754 957 2818 extremum
989 2753 1027 2817 de
1053 2753 1213 2818 Phaedrae
1246 2754 1345 2818 morte

195 2856 394 2938 Asclepiades
427 2855 548 2919 narrat:
584 2845 645 2938 τήν
673 2851 709 2917 δέ
738 2853 883 2935 Φαίδραν
914 2857 1059 2940 φανερᾶς
1089 2852 1260 2937 γενομένης
1286 2851 1345 2937 τῆς

196 2956 349 3044 διαβολῆς
364 2947 578 3040 ἀπάγξασθαι
596 2955 651 3036 (sc.
665 2948 887 3036 ὁμολογοῦσι),
912 2955 943 3019 id
956 2956 1100 3020 cothurni
1116 2956 1198 3020 certe
1212 2973 1272 3019 non
1289 2954 1345 3018 est.

196 3059 279 3123 Nam
300 3060 336 3123 ut
352 3059 388 3123 de
408 3057 508 3123 altera
524 3056 681 3138 lluripidis
695 3055 837 3121 Phaedra
852 3056 984 3137 taceam,
1008 3056 1092 3138 prior
1114 3056 1186 3120 ante
1201 3055 1344 3134 moritur,

197 3241 394 3249 ————

296 3347 306 3378 ¹
326 3346 392 3401 Cod.
412 3345 450 3401 M.
469 3349 498 3400 et
514 3345 557 3399 Fl.
579 3347 622 3399 15:
646 3344 685 3414 τῷ
704 3339 861 3414 Ἱππολύτῳ.
883 3375 916 3384 -
935 3345 1080 3400 Excidisse
1098 3344 1210 3400 videtur
1227 3339 1345 3418 ὄλεθρον

195 3435 225 3488 in
243 3434 307 3490 line.

296 3525 307 3557 ²
326 3529 485 3590 Βοηθεῖσαν
506 3523 579 3592 cod.;
599 3539 669 3577 corr.
681 3522 795 3576 Barnea.
822 3521 967 3577 Traditum
981 3524 1129 3578 lectionem
1140 3523 1272 3584 Welcker
1285 3523 1344 3592 (1.1.

194 3631 222 3682 p.
241 3613 305 3681 395)
323 3611 457 3667 defendit.
487 3611 542 3666 Sed
560 3611 689 3686 incolitae
708 3610 814 3665 formae
833 3629 868 3666 ne
887 3616 969 3682 aptus
989 3611 1102 3681 quidem
1123 3629 1216 3666 sensu·
1236 3611 1344 3681 subest3

195 3701 229 3756 cl.
248 3701 338 3756 Hiller
357 3701 375 3755 l.
394 3701 412 3754 l.
431 3718 458 3770 p.
480 3703 522 3755 36.

295 3789 306 3820 ³
324 3788 407 3843 Prior
416 3789 562 3858 Euripidis
572 3787 704 3843 Phaedra
717 3818 750 3827 —
764 3805 829 3842 narn
847 3788 882 3843 de
901 3788 1037 3859 Sophocle
1056 3807 1112 3843 non
1133 3787 1251 3857 amplius
1270 3787 1344 3858 cogi·

194 3877 268 3932 tabis
288 3907 320 3918 —
340 3895 396 3932 una
408 3877 561 3932 ulciscendi
580 3876 735 3946 cupiditate
754 3876 852 3932 debuit
871 3879 933 3947 rapi
953 3877 1137 3946 (cf.Welcker
1155 3877 1173 3930 l.
1189 3876 1207 3930 l.
1226 3893 1254 3945 p.
1271 3877 1343 3944 478).

194 3967 293 4020 Altera
311 3966 411 4020 misere
430 3970 512 4020 nutat
530 3966 604 4020 inter
623 3965 748 4020 diverros
767 3966 892 4035 affectus,
920 3967 949 4020 in
973 3984 1028 4036 qua
1056 3983 1086 4020 re
1105 3964 1280 4020 incommoda.
1302 3982 1344 4018 re·

194 4054 381 4116 tractationis,
410 4072 482 4124 quae
500 4054 670 4124 pudentibus
690 4054 789 4108 animis
809 4054 989 4110 satirfactura
1016 4059 1088 4123 erat,
1115 4055 1166 4108 sub
1185 4055 1280 4108 oculos
1299 4070 1344 4108 ea-

194 4143 272 4197 dunt.
310 4143 395 4197 Modo
419 4140 666 4198 enim'liberorum
685 4145 844 4198 rationibus
862 4144 1021 4214 prospicere
1040 4144 1102 4198 vult
1119 4161 1146 4197 v.
1166 4143 1228 4211 717,
1259 4140 1342 4196 modo

194 4237 307 4286 veretur
326 4232 356 4285 in
374 4237 552 4302 conspectum
569 4231 669 4286 Thesei
688 4233 792 4287 reverti
804 4252 831 4288 v.
846 4234 899 4286 719
912 4250 961 4301 ια,
981 4232 1063 4286 modo
1076 4250 1103 4286 v.
1115 4233 1168 4286 728
1180 4249 1221 4301 sq.
1267 4230 1344 4297 Quae

194 4320 288 4374 omnia
305 4320 397 4376 Diana
418 4325 516 4389 postea
538 4320 617 4375 flocci
643 4318 711 4374 facit
730 4323 759 4374 et
777 4321 931 4387 mulierem,
960 4338 1031 4389 quae
1056 4321 1145 4374 multa
1164 4319 1274 4375 eratin
1294 4318 1342 4372 ho-

194 4408 329 4465 norificae
348 4411 446 4464 mortis
466 4409 597 4478 consiliis,
616 4410 687 4464 meri
705 4409 815 4463 timoris
834 4409 972 4480 coarguit.

1127 4499 1144 4547 4
