3142 5074
803 402 838 455 86

245 575 381 660 patrium
405 576 581 642 cubiculum
604 573 727 641 sceleris
749 571 946 657 perpetrandi
970 589 1064 636 causa
1088 569 1197 636 tendat
1220 590 1247 635 v.
1261 571 1322 635 206
1341 587 1397 654 sq,

246 697 316 743 cum
349 679 454 743 nutrix
485 676 655 742 intervenit
693 695 721 741 v.
754 677 816 741 220
848 693 894 757 44.
949 673 1091 740 Similem
1122 690 1266 738 scaenam
1299 670 1397 736 simili

246 780 404 868 praeterea
426 778 517 844 modo
540 778 720 843 exornatam
741 775 824 859 apud
840 774 987 842 Ovidium
1009 773 1194 849 invenimus,
1218 773 1272 838 ubi
1291 767 1397 837 nutrix

245 879 478 946 interveniendo
490 879 650 962 Myrrham
665 878 805 960 impedit,
828 877 993 960 quominus
1012 875 1161 958 laqueum
1181 874 1242 939 sibi
1256 873 1398 938 innectat

246 999 276 1045 v.
299 981 361 1046 382
385 999 430 1062 44.
474 979 579 1062 Atque
601 978 635 1042 in
657 979 790 1061 utroque
812 977 952 1060 poemate
973 976 1079 1041 nutrix
1100 974 1211 1040 deinde
1235 994 1269 1039 ex
1292 973 1397 1056 puella

246 1101 359 1152 causas,
387 1083 470 1148 tabis
506 1080 716 1164 percontando
749 1082 925 1164 exsculpere
955 1080 1086 1145 conatur
1118 1080 1149 1144 et
1176 1077 1208 1141 14
1238 1075 1396 1158 proposito

247 1183 367 1266 pernisi
398 1181 472 1260 (Cir.
506 1183 568 1247 234
589 1201 634 1266 44.
672 1183 735 1247 254
755 1200 812 1264 sq,
855 1181 911 1247 Ov.
937 1182 1067 1264 39144.
1102 1179 1164 1244 394
1186 1197 1232 1260 44.
1265 1177 1326 1242 405
1349 1195 1396 1258 44.

245 1283 309 1348 412
320 1280 391 1366 sq).
425 1281 532 1366 Neque
555 1300 625 1347 vero
647 1281 810 1347 altercatio
828 1282 862 1346 in
885 1280 950 1348 oiri
971 1282 1038 1346 tam
1061 1279 1227 1346 artificiose
1248 1277 1397 1343 instituta

247 1391 303 1468 est,
337 1402 430 1467 quam
452 1384 535 1466 apud
558 1382 722 1464 Ovidium3
759 1383 863 1447 nutrix
898 1382 964 1446 illic
999 1381 1108 1446 statim
1144 1380 1181 1445 do
1214 1397 1317 1444 amore
1351 1378 1399 1444 lo·

248 1486 356 1569 quitur
376 1485 418 1570 (v.
441 1485 513 1549 237.
538 1483 621 1566 241),
655 1484 705 1550 hic
727 1484 833 1568 postea
855 1481 981 1550 demum
1001 1483 1065 1548 tale
1097 1480 1172 1566 quid
1202 1480 1399 1564 persentiscit
1474 1497 1477 1500 ·

248 1607 278 1653 v.
300 1588 373 1653 408.
417 1585 553 1671 Scyllam
582 1587 685 1652 autem
713 1587 749 1651 ut
772 1586 933 1670 Myrrham
965 1585 1065 1668 primo
1097 1583 1262 1649 obticuisse
1291 1581 1399 1666 arguit

248 1707 276 1753 v.
299 1688 377 1762 254;
412 1687 602 1752 nutriculam
630 1686 741 1752 deinde
773 1687 960 1767 obsecratur,
995 1704 1033 1750 ne
1060 1704 1092 1750 se
1123 1683 1308 1767 inquirendo
1335 1684 1397 1748 tor·

249 1790 344 1873 queat
377 1808 407 1853 v.
437 1788 515 1867 257,
549 1786 655 1870 444114
685 1788 769 1852 Naso
799 1788 959 1871 Myrrham
993 1787 1218 1852 exclamantem
1242 1784 1334 1867 lingit
1367 1802 1417 1848 v.-

249 1891 379 1972 41144.
426 1889 529 1971 Atque
555 1888 652 1954 simili
677 1888 728 1954 via
756 1907 793 1954 ac
818 1889 950 1972 ratione,
987 1905 1049 1970 qua
1079 1886 1135 1951 illa
1166 1887 1228 1950 huc
1259 1884 1335 1948 illuc
1366 1903 1399 1949 se

250 1990 346 2057 vertit
381 2025 416 2036 -—
451 2009 525 2055 nam
551 1989 668 2056 frustra
695 1989 939 2055 circumvehitur
965 1989 1069 2055 omnia
1097 1988 1207 2070 verbis,
1240 1987 1276 2051 ut
1308 1985 1399 2067 poeta

249 2089 328 2155 dicit
349 2109 378 2156 v.
391 2090 463 2166 271,
483 2091 652 2172 autequam
674 2089 827 2155 incestum
850 2090 989 2156 fateatur
1014 2125 1049 2136 -
1074 2089 1104 2154 41
1126 2088 1280 2171 postremo
1302 2085 1400 2150 fatale

249 2190 365 2256 Minois
387 2209 498 2255 nomen
519 2191 632 2273 proicit
654 2210 682 2256 v.
705 2192 777 2273 272,
811 2190 983 2257 Ovidianae
1012 2190 1154 2255 heroiuae
1180 2188 1303 2254 sceleris
1328 2205 1400 2251 con·

250 2292 341 2358 fessio
370 2292 568 2374 extorquetur
596 2311 624 2357 v.
647 2292 710 2356 419
732 2311 777 2374 44.
826 2292 954 2375 Utrique
982 2292 1087 2357 autem
1120 2289 1326 2356 constitutum
1352 2287 1400 2352 est

251 2393 341 2476 mori,
363 2391 389 2456 si
412 2410 517 2457 amore
538 2411 600 2457 non
618 2392 758 2475 potiatur
773 2392 843 2473 (Ov.
859 2394 930 2471 428,
954 2393 1015 2459 Gir.
1031 2394 1092 2457 276
1107 2393 1180 2476 44.);
1203 2411 1276 2457 nam
1292 2388 1400 2474 Scylla

251 2511 381 2577 quoque,
406 2511 485 2575 quae
506 2494 641 2575 primum
665 2512 692 2560 v.
710 2495 770 2559 267
795 2494 946 2559 moriendi
968 2493 1160 2577 propositum
1182 2491 1296 2575 tangit,
1318 2491 1400 2555 inter

251 2592 402 2658 moriendi
435 2594 466 2659 et
498 2595 622 2660 sceleris
654 2594 834 2678 perficiendi
861 2596 990 2662 44441114
1019 2596 1145 2662 nutasse
1171 2593 1304 2672 videtur,
1338 2610 1400 2674 quo

250 2695 392 2775 spectant-
414 2713 443 2760 v.
467 2696 529 2760 289
552 2714 597 2777 44.
643 2696 816 2779 Utrobique
843 2697 963 2779 puellae
989 2697 1104 2762 amoris
1137 2694 1252 2760 iudicio
1285 2692 1401 2757 nutrici

230 2795 359 2886 'ingens
379 2799 478 2863 terror
506 2798 659 2864 incutitur
693 2797 768 2880 (Cir.
792 2800 853 2863 283
876 2817 931 2881 sq,
955 2797 1011 2863 Ov.
1034 2797 1097 2861 423
1118 2794 1186 2879 44.)
1230 2794 1291 2860 841
1314 2793 1402 2874 Myr·

251 2897 325 2962 rhae
348 2898 452 2963 nutrix
475 2899 575 2964 multa
597 2900 764 2982 protulisse
785 2899 911 2975 dicitur,
933 2900 969 2963 ut
984 2898 1067 2964 diros
1090 2915 1210 2963 amores
1227 2893 1402 2977 compescat

251 3018 279 3064 v.
302 2999 379 3074 426;
412 3001 520 3066 444144
544 3000 667 3084 Scyllae
699 3001 781 3066 clare
811 3000 994 3084 pronuntiat
1026 2997 1180 3064 4441411
1208 2997 1324 3062 conatu
1349 2995 1401 3060 de·

251 3099 359 3164 sistere
381 3120 409 3166 v.
432 3103 493 3166 328
516 3104 612 3186 41444
633 3103 691 3169 144
715 3122 811 3182 unum
833 3102 936 3185 rogat,
971 3100 1086 3166 ncilla
1116 3097 1343 3166 inconsiderate
1367 3097 1402 3162 14

250 3201 414 3267 interitum
440 3222 471 3268 se
492 3204 677 3288 praecipitet
709 3224 737 3270 v.
767 3205 838 3269 327.
882 3205 951 3270 Η44
982 3203 1125 3269 videlicet
1156 3203 1221 3269 iam
1247 3200 1333 3284 cogit
1354 3199 1402 3264 di·

253 3321 360 3368 versae
397 3306 546 3371 materiae
580 3307 693 3372 natura
704 3309 722 3372 ¹.
758 3343 800 3353 -
832 3307 974 3390 Denique
1006 3326 1044 3371 ne
1073 3303 1286 3371 testimonium
1310 3302 1402 3380 desit,

253 3404 334 3487 quod
358 3406 481 3472 nostrae
504 3407 698 3472 coniecturae
720 3407 812 3473 fidem
834 3409 980 3493 praestet,
1013 3408 1052 3473 ab
1078 3407 1145 3490 ipso
1167 3404 1247 3471 Ciris
1276 3404 1404 3470 auctore

252 3507 410 3588 provisum
432 3507 489 3587 441,
512 3525 581 3571 cum
604 3509 759 3573 nutricem
780 3509 818 3573 de
839 3508 907 3574 diro
929 3509 1042 3587 furore,
1065 3508 1120 3591 qui
1138 3506 1259 3590 puellae
1280 3504 1403 3587 incidit,

252 3606 378 3672 dubiam
402 3608 627 3673 exclamantem
646 3609 770 3674 induxit
791 3629 820 3675 v.
844 3610 904 3674 237
927 3629 990 3693 sq:

353 3707 486 3788 etmihi,
510 3728 547 3774 44
569 3709 656 3775 furor
677 3709 731 3775 ille
752 3712 823 3776 tuos
845 3711 995 3777 invaserit
1017 3712 1114 3793 artus,

352 3809 414 3886 ille,
439 3809 561 3874 Arabae
583 3810 728 3894 Myrrhae
751 3811 908 3894 quondam
931 3812 985 3895 qui
1007 3812 1088 3895 cepit
1109 3810 1230 3889 ocellos,

259 3929 456 3938 -ι-.--

356 3979 365 4010 ¹
384 3978 511 4034 Levioris
529 3979 731 4054 ponderiseat,
760 3975 834 4051 quod
852 3982 954 4051 puellis
973 3980 1116 4051 ‘demptae
1135 3981 1228 4036 subita
1252 3981 1282 4033 in
1305 3978 1403 4033 formi-

254 4064 319 4120 dine
336 4063 422 4122 vires'
447 4069 613 4122 sceleratum
632 4070 808 4139 propositum
827 4071 983 4139 peractoris
1003 4071 1068 4136 (cir.
1083 4072 1144 4138 214,
1164 4069 1214 4124 Ov.
1228 4069 1280 4137 4116
1291 4068 1354 4137 aq.).
1369 4097 1401 4106 -

254 4155 401 4211 Praevorti
419 4162 513 4212 autern
534 4157 604 4212 libet
623 4159 659 4212 ad
677 4177 826 4228 procorum
846 4161 955 4231 copiam
974 4160 1039 4230 (Cir.
1059 4163 1121 4228 412,
1141 4159 1192 4215 Ov.
1211 4159 1276 4227 356)
1295 4162 1323 4212 41
1337 4157 1404 4210 Δ14·

255 4246 421 4301 xandrinam
439 4254 539 4316 poetae
562 4248 635 4302 circa
660 4249 812 4304 minutulas
837 4268 880 4304 res
904 4250 1197 4305 commemorationem
1224 4246 1403 4318 depingentis

254 4352 322 4390 anus
342 4335 496 4390 sollertiam
508 4335 576 4406 (Cir.
587 4337 658 4406 251),
679 4355 750 4407 quae
768 4339 879 4408 puellae
898 4343 1004 4394 vestem
1017 4339 1110 4408 inicit;
1130 4355 1215 4406 quarn
1225 4335 1402 4390 Antoninum

255 4441 365 4494 quoque
384 4423 440 4478 alio
463 4424 577 4494 quidem
595 4441 678 4480 sensu
696 4427 821 4482 indicare
839 4427 960 4482 vidimus
981 4426 1026 4496 (cf.
1046 4444 1132 4496 supra
1150 4443 1177 4495 p.
1197 4427 1250 4494 81).
