3142 5074
752 401 787 456 99

195 571 319 642 Μαντώ
353 577 387 642 ἐν
422 567 501 665 ὀργῇ
534 567 742 662 ἄκατασχέσῳ
775 576 893 660 γίνεται
928 575 982 640 καὶ
1014 566 1193 656 ἀναμίξασα
1225 565 1341 654 πάντα,

191 673 334 765 φθόνον,
357 678 564 764 ζηλοτυπίαν,
588 673 703 762 λύπην,
727 672 845 765 φόβον,
868 672 989 742 ἐνενόει
1012 671 1105 754 ὅπως
1125 676 1345 764 τιμωρήσεται

190 776 249 845 τὸν
270 775 553 867 ὑπερηφανοῢυια.
599 781 739 862 Denique
765 780 919 844 insontem
942 779 1084 844 iuvenem
1105 778 1183 843 falso
1207 779 1344 860 crimine,

192 883 274 964 quod
298 884 361 948 vim
391 882 450 946 sibi
476 882 612 946 voluerit
641 881 764 959 inferre,
792 880 874 963 apud
902 882 1020 962 patrem
1044 879 1153 944 defert.
1175 915 1217 924 —
1240 879 1344 960 Expli-

192 985 294 1048 catius
316 983 448 1048 fabellae
469 983 658 1047 lineamenta
674 983 852 1063 persecutus
866 999 944 1056 sum,
969 999 1037 1044 eum
1053 979 1228 1060 impudicae
1244 979 1344 1044 Phae-

192 1085 266 1149 drae
294 1083 465 1166 imaginem
494 1082 665 1165 legentium
689 1081 802 1146 animis
824 1083 932 1162 sponte
955 1099 1111 1144 recursare
1134 1082 1216 1144 certe
1237 1080 1343 1143 seiam.

193 1176 435 1249 animadvertas
449 1202 572 1265 quaeso,
596 1201 691 1264 quam
704 1181 875 1246 consimilis
886 1180 1032 1262 gradatio
1048 1180 1080 1246 in
1096 1179 1228 1245 Senecae
1243 1179 1344 1244 Phae-

193 1285 248 1350 dra
272 1285 374 1349 locum
396 1284 565 1349 invenerit:
598 1283 739 1346 mittitur
769 1282 918 1364 primum,
953 1300 1033 1364 quae
1058 1282 1178 1345 castum
1200 1280 1343 1344 iuvenem

191 1386 420 1450 inclinatiorem
447 1385 486 1450 ad
515 1385 630 1449 scelera
659 1383 782 1462 reddat,
817 1383 926 1448 deinde
946 1382 1014 1464 ipsa
1036 1381 1139 1464 puella
1162 1399 1266 1446 morae
1287 1399 1344 1463 pa·

191 1486 337 1550 tientiam
360 1505 505 1568 rumpens
527 1485 668 1568 procedit
688 1485 719 1548 et
740 1501 878 1548 amorem
898 1482 1041 1547 fatetur1.
1086 1481 1206 1548 Summi
1237 1482 1342 1546 autem

191 1587 340 1652 momenti
364 1587 519 1662 tabellae;
540 1605 622 1665 nam,
645 1586 681 1648 ut
701 1587 823 1650 taceam
845 1583 882 1650 de
903 1583 1062 1648 Phaedrae
1085 1581 1235 1665 epistulae
1258 1601 1342 1646 enor-

192 1687 243 1753 dio
265 1688 366 1770 lepide
380 1690 426 1753 ita
447 1689 594 1752 exornato
610 1686 680 1766 (Ov.
699 1687 772 1752 Her.
792 1686 845 1766 lV,
864 1683 886 1750 1Ι
894 1703 955 1768 sq.;
973 1684 1011 1750 cf.
1024 1684 1098 1748 Met.
1112 1684 1168 1762 IX,
1189 1685 1251 1748 530
1266 1683 1342 1766 sq.):

342 1790 420 1870 Qua,
442 1789 502 1854 nisi
523 1790 559 1852 tu
580 1789 709 1867 dederis,
733 1788 870 1853 caritura
892 1789 938 1852 est
958 1787 1026 1870 ipsa
1049 1785 1158 1863 salute,

318 1874 324 1886 “
391 1890 493 1954 mittit
515 1889 685 1954 Amazonio
707 1887 814 1954 Cressa
837 1887 939 1971 puella
962 1889 1039 1966 viro,

195 1992 277 2075 qnod
300 1992 409 2056 Manto
431 2010 463 2056 se
487 1991 676 2056 confessione
696 1990 851 2055 laxantem
874 1991 1012 2054 excusat:
1033 1983 1148 2070 μηκέτι
1162 1982 1274 2068 φέρειν
1289 1983 1343 2048 δυ-

193 2091 320 2175 ναμένη,
345 2111 379 2156 00
402 2092 522 2156 dolores
547 2092 578 2156 et
601 2090 758 2156 cruciatus
780 2089 967 2168 subindicat,
1001 2087 1038 2154 de
1068 2087 1180 2171 quibus
1202 2086 1344 2150 Phaedra

193 2196 225 2258 et
247 2194 356 2278 Byblis
387 2192 536 2271 scribunt,
564 2193 731 2275 antequam
756 2191 857 2256 victae
886 2191 980 2256 lateri
1002 2190 1155 2272 cogantur
1177 2186 1248 2268 (Ov.
1271 2187 1345 2250 Her.

192 2295 251 2373 IV,
286 2295 345 2358 151
373 2313 418 2376 sq.
455 2293 530 2358 Met.
557 2292 612 2367 lX,
646 2293 708 2356 544
734 2293 802 2374 sq.).
856 2292 966 2374 Pergit
998 2291 1070 2356 illa:
1102 2279 1252 2369 α’πρεπὲς
1283 2285 1343 2370 μέν

193 2395 259 2460 κτλ.
270 2398 291 2474 ²,
325 2395 436 2476 quibus
459 2392 588 2458 mirifice
610 2392 783 2474 respondet,
818 2392 900 2474 quod
926 2391 1081 2457 Ouidiana
1103 2391 1245 2456 Phaedra
1267 2388 1344 2454 scri-

193 2497 240 2562 bit
262 2516 290 2561 a
316 2497 393 2560 154:
417 2488 523 2578 '‘quid
556 2493 670 2572 deceat,
705 2511 766 2557 non
791 2493 874 2558 videt
904 2493 987 2558 ullus
1016 2510 1125 2558 amans
1158 2525 1195 2537 —
1230 2490 1270 2555 da
1292 2509 1344 2554 re·

194 2597 280 2662 niam
309 2595 419 2674 fassae,
452 2595 591 2678 duraque
620 2594 714 2659 eorda
743 2584 876 2658 domal'
911 2591 953 2675 (v.
983 2593 1068 2672 156).
1112 2591 1214 2658 Simul
1238 2593 1342 2656 autem

194 2716 393 2781 recognosces
428 2697 521 2761 illud:
555 2695 715 2760 ‘miserere
746 2684 917 2770 amantis’,
951 2715 1011 2778 quo
1041 2695 1173 2762 Senecae
1201 2692 1344 2758 Phaedra

195 2805 225 2867 et
252 2799 359 2882 Byblis
391 2798 544 2864 flebilibus
575 2797 715 2880 precibus
743 2795 807 2862 suis
840 2795 932 2860 finem
964 2796 1129 2878 imponunt
1161 2793 1242 2876 (San.
1267 2793 1343 2874 671,

195 2902 251 2966 Ov.
278 2901 351 2966 Met.
375 2899 431 2981 IX,
453 2900 547 2980 561);
584 2897 696 2981 quibus
729 2898 844 2962 iterum
874 2897 1032 2961 subtexere
1064 2897 1163 2972 iuvat,
1197 2895 1279 2976 quod
1307 2893 1345 2958 de

196 3001 325 3085 ssyblide
340 3000 531 3064 narrabant:
555 2994 753 3080 ἐρασθεῖσαν
770 2999 829 3061 σοι’
840 2990 973 3060 Καύνου
995 2989 1111 3080 λόγους
1132 2987 1220 3080 αὕτη]
1244 3016 1345 3076 προς-

195 3102 308 3188 φέρειν
339 3100 393 3165 καὶ
426 3101 590 3165 δεῖσθαι
616 3094 666 3184 μή
698 3097 899 3181 περιιδεῖν
929 3087 1053 3180 αὖυὴν
1079 3092 1127 3173 εἰς
1154 3097 1223 3160 πᾶν
1245 3089 1345 3160 κακόν

195 3203 430 3285 προελθοῦσαν
453 3201 613 3280 (Parthen.
636 3202 658 3265 l.
681 3201 726 3281 1.).
770 3200 881 3265 Nonne
915 3217 983 3264 meo
1016 3199 1083 3262 iure
1117 3199 1150 3262 in
1182 3197 1230 3262 his
1252 3198 1344 3261 antea
1421 3255 1426 3257 ,

196 3303 238 3387 (p.
263 3303 316 3387 64)
339 3289 504 3386 epistulam
540 3303 714 3384 suspicatus
747 3300 863 3366 eram?
892 3335 930 3346 -
952 3301 1022 3366 Iam
1053 3299 1152 3382 igitur
1184 3317 1254 3362 eum
1287 3299 1345 3362 hoc

196 3424 345 3470 eonsensu
367 3404 446 3469 illud
469 3404 620 3468 iudicium
643 3403 828 3481 illustretur,
862 3401 945 3484 quod
971 3400 1085 3464 Rohdii
1112 3399 1192 3464 libro
1224 3398 1345 3464 abunde

195 3506 382 3588 explicatum
402 3507 458 3586 est,
490 3505 668 3569 fabularum
691 3503 919 3568 romanensium
942 3502 1106 3583 scriptores
1128 3501 1162 3563 in
1184 3500 1232 3564 his
1254 3499 1344 3563 rebus

195 3609 278 3673 totos
300 3608 339 3671 ab
360 3605 579 3671 Alexandrinis
601 3604 740 3686 pendere,
772 3622 850 3668 novo
873 3604 1058 3686 argumento
1085 3599 1245 3682 colligitur
1272 3597 1347 3663 Ovi·

201 3753 277 3760 .-.»..--
293 3751 395 3758 ...ω-..-

297 3823 494 3878 ¹Plutarchus
523 3823 557 3878 de
581 3822 709 3877 Phaedra
741 3827 840 3876 narrat
867 3822 960 3891 (l.1.):
992 3817 1048 3888 ἥτις
1069 3820 1117 3874 τοῦ
1145 3813 1284 3890 προγόνου
1308 3819 1346 3875 εἰς

195 3913 349 3984 ἐπιθυμίαν
367 3912 534 3982 ἐμπεσοῦσα
552 3908 602 3976 τὴν
618 3906 726 3982 τράφον
744 3911 883 3982 ἔπεμψεν.

295 4003 305 4034 i
326 3999 439 4054 Tritum
466 3999 536 4053 illud
563 3999 628 4053 inde
657 3999 693 4052 ab
721 3999 819 4054 audaci
845 3998 988 4053 Phaedrae
1014 3998 1044 4052 in
1067 3997 1168 4052 Velato
1188 3994 1342 4064 Hippolyto

196 4089 271 4143 dicto
289 4088 344 4160 frg.
364 4090 417 4142 436
437 4087 484 4156 (cf.
504 4087 558 4158 frg.
578 4087 656 4158 433):

395 4177 483 4246 ἔγωγε
502 4178 577 4248 φημὶ
596 4181 641 4228 καὶ
660 4171 750 4244 νόμον
766 4193 798 4244 γε
816 4171 857 4247 μὴ
876 4181 969 4244 σέβειν

395 4265 426 4320 ἔν
444 4265 514 4318 rodco
534 4265 633 4323 δεινοῖς
649 4265 705 4318 τῶν
723 4259 918 4333 ἀναγκαίων
936 4266 1031 4318 πλέον.

197 4353 248 4406 eui
272 4352 392 4406 incestas
416 4352 524 4422 puellas
543 4352 797 4406 Alexandrinorum
824 4351 994 4404 carminibus
1019 4350 1171 4405 celebratas
1196 4348 1232 4401 ad
1259 4365 1344 4399 unam

197 4458 292 4495 omnes
310 4441 438 4510 plausum
458 4441 556 4495 tulisse
574 4441 677 4509 passim
695 4438 894 4494 demonstravi.
