3154 5076
766 359 801 414 bb

207 531 358 598 Troezene
380 533 503 598 demum
526 533 705 616 priuignum
727 532 916 614 conspexisse
938 533 968 596 et
992 551 1096 597 amore
1118 532 1268 598 exarsisse
1279 533 1298 610 ¹,
1320 531 1352 595 in

206 651 241 696 ea
267 652 300 698 re
321 633 545 716 Asclepiadem,
575 633 629 716 qui
649 633 774 712 dicitur,
809 634 840 696 et
867 631 1039 697 Diodorum
1073 632 1256 716 diligentius
1288 633 1354 713 Ipso

206 734 371 816 Euripideo
395 735 524 817 prologo
546 753 617 814 usos
638 753 701 800 esse
724 735 935 816 cognorimus.

306 833 390 900 Satis
412 853 564 916 superque
585 834 706 912 sudavi,
729 835 766 898 ut
788 834 869 897 certe
889 833 1004 900 derisui
1025 833 1150 899 futurus
1167 853 1263 900 essem
1278 833 1355 899 Plu·

206 935 315 1000 tarcho
348 934 509 999 obicienti:
550 930 616 1011 Τδς
639 932 675 998 δὲ
697 933 776 1015 περὶ
796 935 917 1018 ταύτην
947 935 1002 1016 (sc.
1028 933 1185 1018 Φαίδραν)
1215 933 1268 997 καὶ
1296 929 1354 998 τὸν

206 1028 277 1099 οἶδα
301 1025 404 1099 αὐτοῦ
426 1033 608 1114 δυστυχίας,
641 1033 714 1099 ἐπεὶ
735 1033 835 1119 μηδὲν
854 1027 1045 1100 ἀντιπίπτει
1067 1030 1158 1118 παρὰ
1179 1039 1245 1100 τῶν
1267 1029 1355 1100 ἱστο-

205 1137 301 1220 ρικῶν
325 1139 397 1214 τοῖς
418 1139 592 1220 τραγικοῖς,
617 1130 721 1212 οὕτως
742 1131 827 1216 ἔχειν
849 1135 978 1219 θετέον,
1001 1130 1047 1213 ὥς
1070 1134 1188 1202 ἐκεῖνοι
1210 1130 1354 1221 πεποιή-

205 1260 297 1302 κασιν
327 1231 470 1315 ἅπαντας
502 1237 606 1323 (Thes.
636 1238 850 1317 cxxviii).
905 1237 964 1304 Sed
994 1238 1033 1303 do
1061 1238 1198 1319 veniam;
1231 1257 1306 1303 nam
1335 1259 1353 1305 a

205 1339 292 1404 nobis
313 1339 509 1422 aliquantulo
528 1340 596 1422 plus
618 1339 791 1422 flagitatur,
814 1358 908 1422 quam
931 1358 991 1422 quo
1014 1338 1138 1423 antiqui
1163 1340 1354 1406 litteratores

206 1439 343 1506 contenti
365 1439 462 1504 erant.

752 2152 803 2220 ΙΙ.

300 2341 349 2407 Ad
372 2341 491 2406 maloru
513 2341 669 2425 accingor.
712 2339 795 2405 Nam
817 2339 922 2422 palma
943 2339 982 2404 iis
1003 2339 1182 2422 deroganda
1206 2339 1274 2422 crit,
1297 2339 1351 2421 qui

203 2444 280 2509 satis
302 2443 469 2510 habuerint
496 2462 530 2507 er
560 2442 674 2506 vilibus
702 2442 825 2505 nostrae
851 2440 977 2505 fabulae
1005 2439 1176 2505 historiolis
1197 2439 1353 2522 colligere,

201 2563 279 2627 quae
301 2543 341 2608 ad
363 2544 549 2608 cothurnum
572 2542 774 2625 Euripideum
797 2542 984 2624 pertineant.
1027 2542 1127 2606 Immo
1151 2541 1184 2606 in
1199 2538 1351 2635 profundo

201 2645 315 2710 veritas
338 2645 486 2710 demersa.
530 2645 643 2727 Itaque
665 2644 705 2708 ad
727 2643 972 2709 Alexandrinam
994 2643 1104 2722 artem,
1135 2643 1249 2726 quippe
1271 2658 1351 2723 quae

201 2745 317 2812 Graeco
341 2747 372 2810 ot
394 2745 534 2810 Romano
558 2745 710 2809 cothurno
733 2743 867 2810 mediam
891 2762 924 2808 se
945 2744 1134 2826 interponat,
1169 2740 1351 2825 progredior

199 2847 323 2912 tantum
345 2845 504 2928 praelatus
537 2845 570 2909 in
584 2845 731 2910 ‘obscuris
759 2844 807 2908 his
835 2843 1013 2926 regionibus
1035 2843 1218 2908 circuitione
1240 2843 1271 2906 et
1293 2861 1350 2906 an-

199 2948 303 3012 fractu
325 2965 542 3029 saepenumero
565 2964 641 3029 opus
663 2964 736 3028 esse,
773 2963 843 3008 cnm
866 2944 1056 3009 carminibus
1078 2944 1153 3026 Ipsis
1175 2942 1350 3024 temporum

153 3115 160 3132 ,
199 3047 319 3113 invidia
341 3035 411 3111 raro
433 3045 613 3128 pepercerit,
647 3045 823 3128 fragmenta
845 3043 1033 3126 paucissima
1055 3043 1182 3120 restent,
1215 3040 1350 3107 recentes

201 3147 416 3230 compilatores
442 3146 538 3211 libere
563 3145 623 3211 sibi
652 3145 848 3210 indulserint.
892 3144 1072 3208 Proximum
1094 3143 1199 3209 autem
1225 3141 1281 3224 est,
1314 3142 1350 3205 ut

200 3267 299 3330 pauca
329 3247 425 3328 Ipsius
447 3246 653 3329 Hippolyteae
682 3244 806 3310 fabulae
833 3244 977 3328 vestigia,
1011 3262 1089 3326 quae
1111 3243 1193 3325 apud
1213 3242 1349 3308 Alexan-

200 3348 305 3413 drinos
327 3347 457 3426 lateant,
481 3345 704 3411 examinentur.
747 3345 898 3410 Exordior
924 3345 1025 3428 igitur
1046 3345 1085 3410 ab
1108 3343 1220 3409 Ouidio
1244 3361 1350 3408 aemu-

200 3448 299 3514 latore
332 3446 623 3521 Alexandrinorum
657 3445 711 3528 qui
738 3445 812 3510 Met.
835 3445 905 3524 XV,
939 3446 1001 3510 492
1024 3464 1068 3527 sq.
1092 3444 1237 3509 Virbium
1270 3442 1351 3507 The-

201 3549 298 3614 seium
318 3549 453 3628 heroem,
474 3567 563 3631 quem
585 3547 672 3631 dicit,
694 3548 761 3613 fata
783 3565 839 3612 sua
855 3547 985 3630 Egeriae
1000 3544 1154 3630 nymphae
1169 3544 1348 3608 narrantem

199 3651 331 3731 inducit,
356 3650 510 3734 quomodo
533 3667 664 3714 nouerca
685 3649 787 3732 ipsum
810 3647 1083 3730 pessumdederit,
1119 3645 1221 3710 Diana
1243 3644 1348 3709 autem

301 3868 408 3922 ¹Idem
432 3867 598 3922 Troezenios
625 3883 742 3921 narrare
764 3865 916 3920 Pausanias
946 3865 979 3932 (1,
998 3867 1041 3918 22.
1061 3863 1090 3934 2)
1118 3881 1183 3919 cum
1208 3863 1350 3934 gravitate

201 3958 321 4026 quadam
341 3955 472 4022 affirmat,
503 3960 535 4009 ut
561 3956 686 4025 putarim
714 3959 857 4010 auctorem
882 3953 917 4008 ab
947 3955 997 4008 illo
1026 3953 1198 4021 descriptum
1225 3951 1278 4006 hoc
1303 3969 1349 4006 ex·

200 4045 302 4114 pressis
326 4043 420 4099 verbis
443 4043 613 4113 Euripideae
636 4044 802 4112 narrationi,
827 4060 910 4111 quarn
932 4042 1084 4096 Pausanias
1106 4040 1202 4110 paullo
1226 4042 1291 4093 ante
1314 4038 1347 4108 (Ι,

200 4136 243 4186 22.
265 4137 276 4185 l
307 4128 370 4186 ὅτε
389 4133 456 4202 ἔρως
473 4133 519 4198 τῆς
536 4132 660 4198 Φαίδρας
684 4137 731 4185 καὶ
751 4133 797 4198 τῆς
818 4131 924 4202 τροφοῦ
946 4128 975 4184 τὸ
1001 4131 1028 4189 ἐς
1050 4125 1100 4196 τὴν
1123 4128 1266 4181 διακονίαν
1287 4120 1346 4178 τόδ.-

200 4223 290 4291 μημα)
310 4220 456 4274 manifesto
476 4225 541 4274 ante
558 4220 652 4274 oculos
672 4220 802 4288 habebat,
823 4219 991 4289 opposuisse.
1011 4247 1044 4258 —
1064 4220 1104 4272 At
1122 4217 1146 4270 si
1164 4213 1349 4284 Aristophani

201 4307 319 4382 confisus
338 4310 373 4364 de
388 4310 605 4378 interpolatione
623 4310 654 4364 in
669 4311 822 4381 Euripidae
840 4309 958 4380 prologo
977 4309 1093 4380 cogitas,
1118 4306 1177 4362 fere
1201 4304 1348 4362 dimidiam

179 4398 311 4469 ‘prologi
329 4402 439 4469 partem
455 4415 614 4470 expungere
633 4399 724 4454 debes.
