3154 5076
768 411 803 484 nr

209 583 321 648 furtim
343 582 465 664 nititur,
487 581 633 664 aperitur.
657 581 740 646 Nam
755 601 811 646 cur
825 582 881 646 illa
895 601 989 646 anum
1010 583 1156 666 ambigue
1170 604 1288 668 semper
1310 604 1360 649 re-

211 684 412 767 spondentem
439 683 535 748 etad
564 684 735 747 extremum
759 701 812 764 per
834 683 983 747 Veherem
1012 685 1168 749 iurantem
1197 705 1259 750 non
1287 686 1362 750 reti-

211 785 302 848 00οῑ0
343 783 457 848 Nutrix
479 785 594 860 autem,
617 801 696 864 quae
718 783 836 865 philtra
857 784 1035 866 praetexens
1061 785 1099 849 de
1113 803 1173 850 uno
1189 786 1361 871 Hippolyto

212 883 352 950 adeundo
374 883 535 966 cogitabat
557 883 609 962 (ci.
633 882 733 948 Gloel.
758 885 785 948 1.
810 885 838 947 1.
862 903 890 966 p.
914 883 978 966 31),
1002 884 1119 967 insigni
1147 887 1265 952 astutia
1289 907 1361 953 con-

211 987 282 1052 silia
303 989 370 1051 tam
388 987 534 1069 ambigue
555 986 704 1065 inst'tuit,
738 986 774 1050 ut
796 1005 915 1067 semper
937 987 1092 1051 excusatio
1115 989 1237 1068 praesto
1266 990 1360 1064 0000ος

211 1090 317 1171 itaque
328 1088 488 1153 Phaedrae
503 1089 617 1153 acriter
631 1108 663 1152 se
679 1089 785 1169 postea
802 1087 981 1170 obiurganti
998 1089 1163 1170 respondet
1182 1109 1211 1155 v.
1224 1091 1285 1154 698
1300 1109 1360 1172 sq:

211 1187 271 1276 τῆς
299 1187 398 1252 νόσου
420 1185 457 1252 δέ
478 1209 532 1252 σοι
565 1193 569 1269 Ι
603 1187 747 1273 ζητοῦσα
774 1183 916 1273 φάρμαχ’
942 1173 1039 1269 εὗρον
1061 1191 1120 1269 οὐχ
1145 1185 1360 1275 ἇβουλόμηνθ.

127 1341 131 1350 .
213 1289 329 1357 Contra
356 1290 500 1355 Phaedra
533 1309 587 1356 suo
623 1292 689 1356 iure
726 1292 839 1356 nutrici
879 1291 1086 1370 convitiatur,
1132 1292 1245 1374 quippe
1284 1312 1363 1375 quaa

213 1410 335 1457 omnem
357 1391 536 1456 societatem
564 1410 634 1456 cum
657 1391 780 1456 sceleris
811 1393 956 1457 ministra
982 1393 1135 1474 respuerit
1161 1393 1210 1457 vel
1237 1393 1362 1458 omnino

213 1493 278 1558 eius
299 1493 484 1575 praestigias
508 1511 540 1558 00
562 1513 623 1558 000
644 1493 831 1558 intellexisse
853 1494 1019 1559 simularit.
1054 1493 1136 1558 Nam
1160 1494 1192 1558 in
1214 1495 1283 1559 tota
1305 1495 1364 1558 hac

213 1595 393 1677 quaestione
410 1594 577 1659 tenendum
601 1596 647 1659 000
668 1594 827 1659 Phaedrae
841 1614 940 1660 mores
955 1595 987 1659 in
1003 1597 1104 1678 priore
1118 1595 1225 1660 fabula
1240 1596 1362 1678 poetam

212 1696 245 1759 in
268 1695 419 1760 invidiam
441 1696 612 1774 adduxisse,
650 1697 694 1775 ut,
729 1715 785 1760 cur
806 1697 1011 1762 retractatam
1034 1697 1210 1762 Phaedram
1233 1699 1365 1763 ubicun-

215 1817 274 1880 que
295 1797 327 1861 in
351 1798 542 1862 sermonibus
564 1789 708 1864 decorum
730 1798 905 1862 servantem
927 1797 1060 1874 finxerit,
1083 1798 1194 1863 melius
1215 1800 1364 1880 perspici·

215 1917 312 1962 amus.
357 1896 461 1962 Venus
484 1917 551 1962 eam
575 1896 715 1975 εὐκλεῶς
736 1898 922 1964 morituram
945 1917 1009 1964 esse
1030 1899 1181 1981 praedicit
1205 1905 1246 1976 (v.
1261 1902 1302 1966 47
1323 1902 1361 1969 ci.

215 2018 244 2061 v.
269 2000 359 2063 1300.
381 1999 464 2063 1304
481 1997 552 2081 sq),
573 1999 683 2064 chorus
708 1999 813 2065 autem
825 1999 1000 2065 Phaedram
1023 2001 1059 2064 ut
1081 2001 1230 2082 optimam
1248 2022 1363 2080 earum,

216 2118 293 2183 quas
315 2119 453 2182 unquam
479 2101 553 2164 solis
575 2102 628 2166 lux
649 2101 852 2179 collustrant,
885 2100 1045 2166 mulierem
1069 2101 1214 2166 laudibus
1244 2103 1365 2167 extollit

214 2220 243 2267 v.
264 2202 325 2266 849
348 2219 393 2283 sq.
428 2199 513 2280 Quae
536 2202 649 2280 omnia,
672 2221 746 2266 num
769 2203 852 2266 stare
873 2201 1002 2283 possint,
1026 2202 1052 2265 si
1072 2201 1215 2266 Phaedra
1243 2203 1364 2268 illicitis

216 2302 340 2384 philtris
362 2302 509 2384 parandis
531 2303 733 2368 acclamasset
758 2305 789 2368 00
811 2322 844 2367 00
865 2303 1019 2368 malarum
1041 2304 1158 2368 artium
1180 2305 1363 2386 participem

215 2404 320 2485 aperte
358 2402 553 2486 prodidisset,
589 2406 625 2467 ut
647 2403 858 2469 Wilamowita
892 2405 975 2482 vult,
1013 2405 1208 2469 vehementer
1240 2404 1364 2488 dubito;

216 2503 467 2588 quandoquidem
496 2523 556 2569 non
579 2505 616 2569 de
637 2505 772 2586 simplici
795 2505 990 2570 devinctione
1012 2505 1128 2588 agitur,
1161 2506 1213 2570 aed
1235 2504 1272 2570 de
1294 2506 1362 2588 tali,

217 2625 278 2689 qua
300 2607 514 2672 monstruosae
540 2605 679 2671 libidinis
705 2606 891 2670 desiderium
914 2606 1097 2689 explendum
1127 2624 1165 2672 ac
1184 2607 1363 2672 satiandum

215 2707 337 2772 fueriti

218 2913 414 2922 ———

319 3023 327 3053 ¹
346 3021 512 3076 Extremum
530 3021 584 3076 hoe
601 3022 713 3092 egregie
732 3021 893 3076 observavit
910 3021 1098 3076 Wilamowita
1117 3022 1135 3074 l.
1153 3022 1172 3074 l.
1191 3037 1218 3090 p.
1234 3021 1295 3084 214,
1316 3021 1364 3075 sed

217 3128 273 3164 non
302 3111 418 3180 primus.
455 3111 562 3166 Eadem
589 3112 733 3181 eleganter
755 3112 850 3180 posuit
873 3111 956 3165 Patin
986 3111 1092 3165 Etudes
1121 3127 1169 3163 sur
1196 3109 1235 3162 100
1263 3109 1364 3180 tragiq.

219 3199 303 3254 (ireos
321 3200 348 3253 11
367 3218 394 3269 p.
414 3202 475 3255 317.

320 3291 330 3322 ²
349 3291 456 3344 Eodem
474 3294 602 3360 spectant
621 3291 699 3346 chori
720 3291 806 3345 verba
824 3309 851 3345 v.
865 3291 930 3343 597:

479 3383 575 3450 φίλως,
593 3380 681 3447 καλῶς
700 3380 725 3432 d’
744 3375 776 3432 οὐ
794 3371 869 3446 τήνδ’
888 3381 992 3450 ἰωμένη
1012 3371 1106 3432 νόσον.

318 3469 329 3501 ³
348 3467 389 3522 Ne
408 3469 437 3521 in
457 3485 585 3523 000000οο
605 3469 717 3538 quidem
737 3486 831 3522 amore
849 3469 906 3521 illis
925 3467 1099 3537 temporibus
1117 3466 1223 3536 philtra
1243 3465 1278 3519 ab
1290 3466 1367 3520 omni

220 3557 426 3626 vituperatione
453 3557 543 3612 libera
570 3557 655 3611 fuisse
682 3557 826 3626 videntur3
858 3557 887 3610 in
913 3574 967 3626 quo
992 3557 1033 3610 nil
1053 3557 1164 3623 mirum,
1195 3555 1368 3624 siquidema

218 3643 358 3698 veneficiis
377 3663 434 3699 non
452 3663 561 3715 semper
584 3647 675 3700 aliena
694 3646 817 3700 fuerunt.
854 3645 953 3714 ltaque
973 3646 1106 3700 Deianira
1130 3644 1213 3698 anxia
1236 3643 1367 3697 sollicita-

217 3734 294 3788 tione
312 3735 347 3789 de
367 3737 488 3789 consiliis
508 3736 564 3789 suis
583 3737 726 3790 cruciatur
745 3736 829 3806 Soph.
847 3730 947 3790 Traeh.
967 3737 1019 3789 596
1033 3753 1072 3803 sq.
1110 3733 1235 3803 Opponit
1254 3732 1367 3801 quidem

217 3841 244 3877 v.
272 3825 323 3878 582
348 3841 389 3893 sq.
407 3824 515 3893 philtra
543 3825 623 3879 malis
652 3826 760 3880 artibus
789 3826 896 3892 (κακαῖς
921 3818 1057 3894 0610000010
1082 3822 1130 3876 sed
1158 3821 1244 3874 dubia
1270 3820 1366 3874 etiam·
1404 3841 1408 3846 ·

218 3929 286 3966 num
304 3913 420 3968 haerere
439 3914 560 3982 videtur,
586 3932 650 3968 cum
673 3914 786 3969 chorum
813 3913 1012 3982 interrogando
1036 3912 1128 3978 adeat,
1155 3909 1367 3978 probandumne

220 4002 257 4055 sit
275 4002 332 4056 tale
350 4003 513 4056 remedium.
551 4002 611 4070 Qua
637 4004 667 4056 in
694 4021 725 4057 re
752 4003 903 4057 tenendum
928 4001 1040 4069 quidem
1069 4018 1130 4054 eam
1155 3999 1271 4052 fatalem
1289 3997 1368 4051 Nessi

219 4091 383 4144 memoriam
407 4091 522 4160 insuper
547 4108 649 4161 angere
672 4093 802 4161 potuisse.
833 4121 866 4130 —
895 4093 1036 4144 Aecurata
1059 4093 1154 4142 autem
1178 4087 1265 4140 totius
1284 4102 1367 4152 quae·

220 4179 318 4233 ationis
337 4180 506 4234 examinatio
520 4181 548 4234 in
562 4180 642 4234 libris
654 4181 688 4235 de
701 4179 918 4248 antiquitatibus
929 4177 1041 4232 Graecis
1055 4176 1238 4230 desideratur.
1252 4172 1365 4227 Waehs·

219 4267 301 4320 muth
321 4269 433 4336 quidem
452 4269 669 4338 (Ηο11.Α1000010.
683 4269 720 4337 11,
741 4268 843 4337 1.2623
863 4270 887 4321 2.
905 4268 969 4336 210)
988 4265 1132 4320 contendit
1151 4264 1367 4327 incantamenta,

222 4362 510 4426 000000000000001,
529 4353 655 4424 ἀσεβείας
675 4356 804 4410 fraudem
823 4355 975 4409 admisisse.
1013 4353 1121 4408 Vellem
1145 4352 1217 4406 hanc
1241 4367 1300 4405 rem
1326 4367 1371 4404 ex·

220 4445 324 4518 plicata
351 4446 510 4518 probasset3
543 4446 703 4501 testimonia
725 4444 867 4500 contraria
897 4442 1052 4498 cumulavit
1080 4441 1113 4498 L.
1138 4439 1251 4512 Georgii
1285 4437 1372 4506 Pauly
