<?xml version="1.0" encoding="UTF-8"?>
<!DOCTYPE html PUBLIC "-//W3C//DTD XHTML 1.0 Transitional//EN"
    "http://www.w3.org/TR/xhtml1/DTD/xhtml1-transitional.dtd">
<html xmlns="http://www.w3.org/1999/xhtml" xml:lang="en" lang="en">
 <head>
  <title>
</title>
<meta http-equiv="Content-Type" content="text/html;charset=utf-8" />
  <meta name='ocr-system' content='tesseract 3.04.00' />
  <meta name='ocr-capabilities' content='ocr_page ocr_carea ocr_par ocr_line ocrx_word'/>
</head>
<body>
  <div class='ocr_page' id='page_1' title='image "./dehippolytiseur00kalkgoog_0128.png"; bbox 0 0 3142 5074; ppageno 0'>
   <div class='ocr_carea' id='block_1_1' title="bbox 754 410 805 464">
    <p class='ocr_par' dir='ltr' id='par_1_1' title="bbox 754 410 805 464">
     <span class='ocr_line' id='line_1_1' title="bbox 754 410 805 464; baseline 0.039 -2"><span class='ocrx_word' id='word_1_1' title='bbox 754 410 805 464; x_wconf 94' lang='grc'>117</span> 
     </span>
    </p>
   </div>
   <div class='ocr_carea' id='block_1_2' title="bbox 202 580 1436 3595">
    <p class='ocr_par' dir='ltr' id='par_1_2' title="bbox 402 580 1017 666">
     <span class='ocr_line' id='line_1_2' title="bbox 402 580 1017 666; baseline 0 -20"><span class='ocrx_word' id='word_1_2' title='bbox 402 580 512 646; x_wconf 91' lang='lat' dir='ltr'>domus</span> <span class='ocrx_word' id='word_1_3' title='bbox 534 600 652 646; x_wconf 87' lang='lat' dir='ltr'>sorores</span> <span class='ocrx_word' id='word_1_4' title='bbox 674 600 735 647; x_wconf 85' lang='lat' dir='ltr'>una</span> <span class='ocrx_word' id='word_1_5' title='bbox 758 582 909 666; x_wconf 87' lang='lat' dir='ltr'>corripuit</span> <span class='ocrx_word' id='word_1_6' title='bbox 930 582 1017 665; x_wconf 91' lang='lat' dir='ltr'>duas,</span> 
     </span>
    </p>

    <p class='ocr_par' dir='ltr' id='par_1_3' title="bbox 202 683 1354 1166">
     <span class='ocr_line' id='line_1_3' title="bbox 404 683 839 765; baseline 0 -19"><span class='ocrx_word' id='word_1_7' title='bbox 404 685 436 747; x_wconf 89' lang='lat' dir='ltr'>te</span> <span class='ocrx_word' id='word_1_8' title='bbox 456 683 588 765; x_wconf 90' lang='lat' dir='ltr'>genitor,</span> <span class='ocrx_word' id='word_1_9' title='bbox 611 683 645 747; x_wconf 93' lang='lat' dir='ltr'>at</span> <span class='ocrx_word' id='word_1_10' title='bbox 666 702 715 747; x_wconf 93' lang='lat' dir='ltr'>me</span> <span class='ocrx_word' id='word_1_11' title='bbox 737 685 839 748; x_wconf 88' lang='lat' dir='ltr'>natus.</span> 
     </span>
     <span class='ocr_line' id='line_1_4' title="bbox 203 783 1354 867; baseline 0.001 -20"><span class='ocrx_word' id='word_1_12' title='bbox 203 783 253 847; x_wconf 90' lang='lat' dir='ltr'>Ab</span> <span class='ocrx_word' id='word_1_13' title='bbox 273 783 421 865; x_wconf 85' lang='lat' dir='ltr'>Euripide</span> <span class='ocrx_word' id='word_1_14' title='bbox 442 783 552 865; x_wconf 81' lang='lat' dir='ltr'>igitur,</span> <span class='ocrx_word' id='word_1_15' title='bbox 584 783 638 866; x_wconf 91' lang='lat' dir='ltr'>qui</span> <span class='ocrx_word' id='word_1_16' title='bbox 661 785 781 866; x_wconf 89' lang='lat' dir='ltr'>patrem</span> <span class='ocrx_word' id='word_1_17' title='bbox 804 784 955 849; x_wconf 82' lang='lat' dir='ltr'>etlilium</span> <span class='ocrx_word' id='word_1_18' title='bbox 977 784 1096 867; x_wconf 91' lang='lat' dir='ltr'>primus</span> <span class='ocrx_word' id='word_1_19' title='bbox 1122 785 1354 867; x_wconf 88' lang='lat' dir='ltr'>comparatione</span> 
     </span>
     <span class='ocr_line' id='line_1_5' title="bbox 202 882 1351 966; baseline 0 -18"><span class='ocrx_word' id='word_1_20' title='bbox 202 883 372 961; x_wconf 85' lang='lat' dir='ltr'>coniunxit,</span> <span class='ocrx_word' id='word_1_21' title='bbox 397 882 597 948; x_wconf 77' lang='lat' dir='ltr'><strong>Alexandrini</strong></span> <span class='ocrx_word' id='word_1_22' title='bbox 619 885 727 966; x_wconf 87' lang='lat' dir='ltr'>poetae</span> <span class='ocrx_word' id='word_1_23' title='bbox 750 885 880 966; x_wconf 84' lang='lat' dir='ltr'>profecti</span> <span class='ocrx_word' id='word_1_24' title='bbox 901 887 975 950; x_wconf 90' lang='lat' dir='ltr'>sunt</span> <span class='ocrx_word' id='word_1_25' title='bbox 996 885 1035 950; x_wconf 88' lang='lat' dir='ltr'>ad</span> <span class='ocrx_word' id='word_1_26' title='bbox 1060 884 1269 950; x_wconf 89' lang='lat' dir='ltr'>exornandum</span> <span class='ocrx_word' id='word_1_27' title='bbox 1293 885 1351 948; x_wconf 91' lang='lat' dir='ltr'>hoo</span> 
     </span>
     <span class='ocr_line' id='line_1_6' title="bbox 202 984 1352 1068; baseline 0 -18"><span class='ocrx_word' id='word_1_28' title='bbox 202 1002 347 1063; x_wconf 71' lang='lat' dir='ltr'>acumem</span> <span class='ocrx_word' id='word_1_29' title='bbox 382 1003 514 1066; x_wconf 90' lang='lat' dir='ltr'>quorum</span> <span class='ocrx_word' id='word_1_30' title='bbox 540 985 662 1050; x_wconf 84' lang='lat' dir='ltr'><strong>Musam</strong></span> <span class='ocrx_word' id='word_1_31' title='bbox 689 984 803 1051; x_wconf 79' lang='lat' dir='ltr'>Seneca</span> <span class='ocrx_word' id='word_1_32' title='bbox 836 985 978 1068; x_wconf 80' lang='lat' dir='ltr'>deinceps</span> <span class='ocrx_word' id='word_1_33' title='bbox 1010 1005 1139 1052; x_wconf 79' lang='lat' dir='ltr'>scaenae</span> <span class='ocrx_word' id='word_1_34' title='bbox 1167 986 1352 1068; x_wconf 87' lang='lat' dir='ltr'>Euripideae</span> 
     </span>
     <span class='ocr_line' id='line_1_7' title="bbox 203 1084 527 1166; baseline -0.022 -15"><span class='ocrx_word' id='word_1_35' title='bbox 203 1085 360 1166; x_wconf 90' lang='lat' dir='ltr'>adspirare</span> <span class='ocrx_word' id='word_1_36' title='bbox 381 1084 482 1150; x_wconf 91' lang='lat' dir='ltr'>iussit.</span> <span class='ocrx_word' id='word_1_37' title='bbox 521 1133 527 1144; x_wconf 95' lang='lat'>.</span> 
     </span>
    </p>

    <p class='ocr_par' dir='ltr' id='par_1_4' title="bbox 202 1185 1436 3595">
     <span class='ocr_line' id='line_1_8' title="bbox 303 1185 1353 1272; baseline 0.002 -21"><span class='ocrx_word' id='word_1_38' title='bbox 303 1185 435 1251; x_wconf 85' lang='lat' dir='ltr'>Senecae</span> <span class='ocrx_word' id='word_1_39' title='bbox 457 1205 529 1252; x_wconf 88' lang='lat' dir='ltr'>vero</span> <span class='ocrx_word' id='word_1_40' title='bbox 551 1187 602 1268; x_wconf 87' lang='lat' dir='ltr'>hic</span> <span class='ocrx_word' id='word_1_41' title='bbox 622 1187 746 1269; x_wconf 87' lang='lat' dir='ltr'>poetam</span> <span class='ocrx_word' id='word_1_42' title='bbox 768 1187 1022 1267; x_wconf 85' lang='lat' dir='ltr'>Alexandrinum,</span> <span class='ocrx_word' id='word_1_43' title='bbox 1046 1188 1099 1270; x_wconf 95' lang='lat' dir='ltr'>qui</span> <span class='ocrx_word' id='word_1_44' title='bbox 1116 1187 1280 1272; x_wconf 78' lang='lat' dir='ltr'>Hippolyti</span> <span class='ocrx_word' id='word_1_45' title='bbox 1302 1188 1353 1253; x_wconf 83' lang='lat' dir='ltr'>ia·</span> 
     </span>
     <span class='ocr_line' id='line_1_9' title="bbox 203 1287 1352 1371; baseline 0.002 -19"><span class='ocrx_word' id='word_1_46' title='bbox 203 1287 309 1352; x_wconf 88' lang='lat' dir='ltr'>bolam</span> <span class='ocrx_word' id='word_1_47' title='bbox 339 1287 466 1352; x_wconf 83' lang='lat' dir='ltr'>seorsim</span> <span class='ocrx_word' id='word_1_48' title='bbox 496 1287 656 1366; x_wconf 87' lang='lat' dir='ltr'>tractavit,</span> <span class='ocrx_word' id='word_1_49' title='bbox 691 1323 732 1332; x_wconf 91' lang='lat'><strong>—</strong></span> <span class='ocrx_word' id='word_1_50' title='bbox 761 1307 834 1352; x_wconf 88' lang='lat' dir='ltr'>nam</span> <span class='ocrx_word' id='word_1_51' title='bbox 863 1288 901 1353; x_wconf 92' lang='lat' dir='ltr'>de</span> <span class='ocrx_word' id='word_1_52' title='bbox 927 1288 985 1353; x_wconf 88' lang='lat' dir='ltr'>hac</span> <span class='ocrx_word' id='word_1_53' title='bbox 1011 1308 1044 1354; x_wconf 91' lang='lat' dir='ltr'>re</span> <span class='ocrx_word' id='word_1_54' title='bbox 1071 1307 1190 1371; x_wconf 87' lang='lat' dir='ltr'>semper</span> <span class='ocrx_word' id='word_1_55' title='bbox 1212 1290 1352 1371; x_wconf 76' lang='lat' dir='ltr'>quaestio</span> 
     </span>
     <span class='ocr_line' id='line_1_10' title="bbox 203 1387 1352 1472; baseline 0.003 -20"><span class='ocrx_word' id='word_1_56' title='bbox 203 1388 249 1452; x_wconf 90' lang='lat' dir='ltr'>est</span> <span class='ocrx_word' id='word_1_57' title='bbox 280 1424 319 1433; x_wconf 93' lang='lat'><em>-</em></span> <span class='ocrx_word' id='word_1_58' title='bbox 350 1387 391 1453; x_wconf 87' lang='lat' dir='ltr'>ad</span> <span class='ocrx_word' id='word_1_59' title='bbox 413 1406 540 1455; x_wconf 89' lang='lat' dir='ltr'>manum</span> <span class='ocrx_word' id='word_1_60' title='bbox 562 1389 666 1466; x_wconf 87' lang='lat' dir='ltr'>fnisse,</span> <span class='ocrx_word' id='word_1_61' title='bbox 703 1387 736 1451; x_wconf 95' lang='lat' dir='ltr'>in</span> <span class='ocrx_word' id='word_1_62' title='bbox 759 1390 838 1454; x_wconf 90' lang='lat' dir='ltr'>hanc</span> <span class='ocrx_word' id='word_1_63' title='bbox 860 1389 1047 1454; x_wconf 87' lang='lat' dir='ltr'>sententiam</span> <span class='ocrx_word' id='word_1_64' title='bbox 1070 1409 1104 1455; x_wconf 95' lang='lat' dir='ltr'>eo</span> <span class='ocrx_word' id='word_1_65' title='bbox 1125 1391 1251 1472; x_wconf 91' lang='lat' dir='ltr'>pronior</span> <span class='ocrx_word' id='word_1_66' title='bbox 1273 1409 1352 1470; x_wconf 84' lang='lat' dir='ltr'>eum,</span> 
     </span>
     <span class='ocr_line' id='line_1_11' title="bbox 203 1488 1351 1574; baseline 0.001 -21"><span class='ocrx_word' id='word_1_67' title='bbox 203 1508 263 1572; x_wconf 91' lang='lat' dir='ltr'>quo</span> <span class='ocrx_word' id='word_1_68' title='bbox 291 1488 414 1571; x_wconf 89' lang='lat' dir='ltr'>planius</span> <span class='ocrx_word' id='word_1_69' title='bbox 441 1488 474 1553; x_wconf 93' lang='lat' dir='ltr'>in</span> <span class='ocrx_word' id='word_1_70' title='bbox 502 1489 648 1571; x_wconf 92' lang='lat' dir='ltr'>sequente</span> <span class='ocrx_word' id='word_1_71' title='bbox 676 1489 798 1554; x_wconf 82' lang='lat' dir='ltr'>cantico</span> <span class='ocrx_word' id='word_1_72' title='bbox 828 1490 871 1568; x_wconf 87' lang='lat' dir='ltr'>(v.</span> <span class='ocrx_word' id='word_1_73' title='bbox 895 1491 955 1554; x_wconf 82' lang='lat'>736</span> <span class='ocrx_word' id='word_1_74' title='bbox 977 1489 1048 1572; x_wconf 82' lang='lat' dir='ltr'>sq),</span> <span class='ocrx_word' id='word_1_75' title='bbox 1083 1490 1164 1572; x_wconf 92' lang='lat' dir='ltr'>quod</span> <span class='ocrx_word' id='word_1_76' title='bbox 1187 1491 1351 1574; x_wconf 78' lang='lat' dir='ltr'>Hippolyti</span> 
     </span>
     <span class='ocr_line' id='line_1_12' title="bbox 202 1589 1350 1673; baseline 0 -19"><span class='ocrx_word' id='word_1_77' title='bbox 202 1589 464 1672; x_wconf 91' lang='lat' dir='ltr'>pulchritudinem</span> <span class='ocrx_word' id='word_1_78' title='bbox 497 1590 642 1655; x_wconf 90' lang='lat' dir='ltr'>laudibus</span> <span class='ocrx_word' id='word_1_79' title='bbox 674 1590 771 1673; x_wconf 85' lang='lat' dir='ltr'>effert,</span> <span class='ocrx_word' id='word_1_80' title='bbox 806 1590 1034 1656; x_wconf 90' lang='lat' dir='ltr'>Alexandrinus</span> <span class='ocrx_word' id='word_1_81' title='bbox 1067 1591 1151 1656; x_wconf 90' lang='lat' dir='ltr'>color</span> <span class='ocrx_word' id='word_1_82' title='bbox 1183 1591 1350 1673; x_wconf 88' lang='lat' dir='ltr'>praevalet.</span> 
     </span>
     <span class='ocr_line' id='line_1_13' title="bbox 202 1690 1352 1776; baseline 0.002 -22"><span class='ocrx_word' id='word_1_83' title='bbox 202 1690 274 1774; x_wconf 89' lang='lat' dir='ltr'>Ipsa</span> <span class='ocrx_word' id='word_1_84' title='bbox 302 1690 433 1755; x_wconf 88' lang='lat' dir='ltr'>materia</span> <span class='ocrx_word' id='word_1_85' title='bbox 460 1711 478 1756; x_wconf 91' lang='lat' dir='ltr'>a</span> <span class='ocrx_word' id='word_1_86' title='bbox 506 1691 642 1757; x_wconf 81' lang='lat' dir='ltr'>Graecae</span> <span class='ocrx_word' id='word_1_87' title='bbox 673 1693 837 1775; x_wconf 88' lang='lat' dir='ltr'>tragodiae</span> <span class='ocrx_word' id='word_1_88' title='bbox 865 1693 1022 1776; x_wconf 88' lang='lat' dir='ltr'>dignitate</span> <span class='ocrx_word' id='word_1_89' title='bbox 1051 1693 1250 1770; x_wconf 85' lang='lat' dir='ltr'>alienissima,</span> <span class='ocrx_word' id='word_1_90' title='bbox 1279 1691 1352 1756; x_wconf 90' lang='lat' dir='ltr'>licet</span> 
     </span>
     <span class='ocr_line' id='line_1_14' title="bbox 202 1791 1352 1877; baseline -0.001 -20"><span class='ocrx_word' id='word_1_91' title='bbox 202 1791 366 1874; x_wconf 84' lang='lat' dir='ltr'>Euripides</span> <span class='ocrx_word' id='word_1_92' title='bbox 399 1791 537 1856; x_wconf 92' lang='lat' dir='ltr'>mulieris</span> <span class='ocrx_word' id='word_1_93' title='bbox 570 1793 688 1858; x_wconf 87' lang='lat' dir='ltr'>formae</span> <span class='ocrx_word' id='word_1_94' title='bbox 724 1795 935 1877; x_wconf 89' lang='lat' dir='ltr'>praestantiae</span> <span class='ocrx_word' id='word_1_95' title='bbox 974 1793 1173 1858; x_wconf 82' lang='lat' dir='ltr'>celebrandae</span> <span class='ocrx_word' id='word_1_96' title='bbox 1210 1812 1352 1858; x_wconf 93' lang='lat' dir='ltr'>nonnun-</span> 
     </span>
     <span class='ocr_line' id='line_1_15' title="bbox 203 1893 1352 1978; baseline 0.003 -22"><span class='ocrx_word' id='word_1_97' title='bbox 203 1913 298 1976; x_wconf 89' lang='lat' dir='ltr'>quam</span> <span class='ocrx_word' id='word_1_98' title='bbox 324 1893 479 1959; x_wconf 85' lang='lat' dir='ltr'>studuerit</span> <span class='ocrx_word' id='word_1_99' title='bbox 508 1894 563 1977; x_wconf 66' lang='lat' dir='ltr'>(cii</span> <span class='ocrx_word' id='word_1_100' title='bbox 586 1895 716 1960; x_wconf 86' lang='lat' dir='ltr'>Bartsch</span> <span class='ocrx_word' id='word_1_101' title='bbox 740 1895 761 1960; x_wconf 89' lang='lat' dir='ltr'>l.</span> <span class='ocrx_word' id='word_1_102' title='bbox 785 1896 806 1960; x_wconf 91' lang='lat' dir='ltr'>l.</span> <span class='ocrx_word' id='word_1_103' title='bbox 830 1915 859 1978; x_wconf 91' lang='lat' dir='ltr'>p.</span> <span class='ocrx_word' id='word_1_104' title='bbox 884 1895 946 1976; x_wconf 87' lang='lat'>22).</span> <span class='ocrx_word' id='word_1_105' title='bbox 997 1895 1106 1978; x_wconf 88' lang='lat' dir='ltr'>Neque</span> <span class='ocrx_word' id='word_1_106' title='bbox 1126 1895 1159 1959; x_wconf 90' lang='lat' dir='ltr'>in</span> <span class='ocrx_word' id='word_1_107' title='bbox 1183 1894 1352 1978; x_wconf 90' lang='lat' dir='ltr'>Hippolyto</span> 
     </span>
     <span class='ocr_line' id='line_1_16' title="bbox 203 1995 1351 2080; baseline 0.001 -22"><span class='ocrx_word' id='word_1_108' title='bbox 203 1995 374 2077; x_wconf 89' lang='lat' dir='ltr'>quidquam</span> <span class='ocrx_word' id='word_1_109' title='bbox 389 1995 566 2060; x_wconf 91' lang='lat' dir='ltr'>huiusmodi</span> <span class='ocrx_word' id='word_1_110' title='bbox 577 1997 750 2071; x_wconf 67' lang='lat' dir='ltr'>insanitum</span> <span class='ocrx_word' id='word_1_111' title='bbox 771 1997 929 2062; x_wconf 83' lang='lat' dir='ltr'>invenitur</span> <span class='ocrx_word' id='word_1_112' title='bbox 944 1997 976 2061; x_wconf 91' lang='lat' dir='ltr'>in</span> <span class='ocrx_word' id='word_1_113' title='bbox 992 1996 1163 2080; x_wconf 88' lang='lat' dir='ltr'>hypothesi.</span> <span class='ocrx_word' id='word_1_114' title='bbox 1194 1995 1351 2060; x_wconf 88' lang='lat' dir='ltr'>Nimirum</span> 
     </span>
     <span class='ocr_line' id='line_1_17' title="bbox 203 2095 1352 2180; baseline 0 -21"><span class='ocrx_word' id='word_1_115' title='bbox 203 2095 430 2160; x_wconf 89' lang='lat' dir='ltr'>Alexandrinos</span> <span class='ocrx_word' id='word_1_116' title='bbox 451 2097 587 2179; x_wconf 90' lang='lat' dir='ltr'>corporis</span> <span class='ocrx_word' id='word_1_117' title='bbox 612 2098 875 2180; x_wconf 88' lang='lat' dir='ltr'>pulchritudinem</span> <span class='ocrx_word' id='word_1_118' title='bbox 901 2098 1034 2162; x_wconf 88' lang='lat' dir='ltr'>libenter</span> <span class='ocrx_word' id='word_1_119' title='bbox 1060 2096 1253 2179; x_wconf 88' lang='lat' dir='ltr'>praedicasse</span> <span class='ocrx_word' id='word_1_120' title='bbox 1283 2115 1352 2160; x_wconf 87' lang='lat' dir='ltr'>oum</span> 
     </span>
     <span class='ocr_line' id='line_1_18' title="bbox 204 2197 1352 2281; baseline 0.002 -21"><span class='ocrx_word' id='word_1_121' title='bbox 204 2198 336 2275; x_wconf 86' lang='lat' dir='ltr'>constat,</span> <span class='ocrx_word' id='word_1_122' title='bbox 369 2199 437 2260; x_wconf 89' lang='lat' dir='ltr'>tum</span> <span class='ocrx_word' id='word_1_123' title='bbox 465 2197 572 2262; x_wconf 89' lang='lat' dir='ltr'>statim</span> <span class='ocrx_word' id='word_1_124' title='bbox 602 2198 685 2263; x_wconf 92' lang='lat' dir='ltr'>ultro</span> <span class='ocrx_word' id='word_1_125' title='bbox 712 2198 904 2281; x_wconf 85' lang='lat' dir='ltr'>probabitur.</span> <span class='ocrx_word' id='word_1_126' title='bbox 948 2198 1077 2262; x_wconf 86' lang='lat' dir='ltr'>Interim</span> <span class='ocrx_word' id='word_1_127' title='bbox 1104 2197 1280 2262; x_wconf 89' lang='lat' dir='ltr'>memineris</span> <span class='ocrx_word' id='word_1_128' title='bbox 1304 2215 1352 2262; x_wconf 89' lang='lat' dir='ltr'>me</span> 
     </span>
     <span class='ocr_line' id='line_1_19' title="bbox 202 2297 1352 2381; baseline -0.001 -18"><span class='ocrx_word' id='word_1_129' title='bbox 202 2299 294 2363; x_wconf 87' lang='lat' dir='ltr'>antea</span> <span class='ocrx_word' id='word_1_130' title='bbox 318 2299 487 2363; x_wconf 88' lang='lat' dir='ltr'>ostendisse</span> <span class='ocrx_word' id='word_1_131' title='bbox 520 2301 563 2380; x_wconf 88' lang='lat' dir='ltr'>(p.</span> <span class='ocrx_word' id='word_1_132' title='bbox 589 2297 662 2380; x_wconf 86' lang='lat'>103)</span> <span class='ocrx_word' id='word_1_133' title='bbox 694 2300 749 2363; x_wconf 93' lang='lat' dir='ltr'>hos</span> <span class='ocrx_word' id='word_1_134' title='bbox 776 2299 883 2381; x_wconf 88' lang='lat' dir='ltr'>poetas</span> <span class='ocrx_word' id='word_1_135' title='bbox 915 2298 999 2363; x_wconf 89' lang='lat' dir='ltr'>vitae</span> <span class='ocrx_word' id='word_1_136' title='bbox 1033 2298 1160 2364; x_wconf 88' lang='lat' dir='ltr'>veritati</span> <span class='ocrx_word' id='word_1_137' title='bbox 1193 2297 1352 2362; x_wconf 88' lang='lat' dir='ltr'>studentes</span> 
     </span>
     <span class='ocr_line' id='line_1_20' title="bbox 203 2398 1349 2482; baseline -0.002 -18"><span class='ocrx_word' id='word_1_138' title='bbox 203 2418 340 2464; x_wconf 87' lang='lat' dir='ltr'>amorem</span> <span class='ocrx_word' id='word_1_139' title='bbox 362 2399 542 2482; x_wconf 89' lang='lat' dir='ltr'>plerumque</span> <span class='ocrx_word' id='word_1_140' title='bbox 563 2400 715 2482; x_wconf 88' lang='lat' dir='ltr'>tanquam</span> <span class='ocrx_word' id='word_1_141' title='bbox 742 2419 776 2464; x_wconf 93' lang='lat' dir='ltr'>ex</span> <span class='ocrx_word' id='word_1_142' title='bbox 803 2400 870 2481; x_wconf 91' lang='lat' dir='ltr'>ipsa</span> <span class='ocrx_word' id='word_1_143' title='bbox 900 2400 997 2465; x_wconf 90' lang='lat' dir='ltr'>animi</span> <span class='ocrx_word' id='word_1_144' title='bbox 1020 2399 1181 2464; x_wconf 83' lang='lat' dir='ltr'>affectione</span> <span class='ocrx_word' id='word_1_145' title='bbox 1203 2398 1349 2480; x_wconf 85' lang='lat' dir='ltr'>progigni</span> 
     </span>
     <span class='ocr_line' id='line_1_21' title="bbox 202 2499 1353 2583; baseline -0.001 -19"><span class='ocrx_word' id='word_1_146' title='bbox 202 2500 325 2566; x_wconf 87' lang='lat' dir='ltr'>finxisse</span> <span class='ocrx_word' id='word_1_147' title='bbox 345 2500 473 2566; x_wconf 88' lang='lat' dir='ltr'>Veneris</span> <span class='ocrx_word' id='word_1_148' title='bbox 495 2500 638 2583; x_wconf 76' lang='lat' dir='ltr'>partibus</span> <span class='ocrx_word' id='word_1_149' title='bbox 662 2501 791 2578; x_wconf 84' lang='lat' dir='ltr'>omissis,</span> <span class='ocrx_word' id='word_1_150' title='bbox 826 2501 914 2565; x_wconf 91' lang='lat' dir='ltr'>cuius</span> <span class='ocrx_word' id='word_1_151' title='bbox 942 2500 1023 2564; x_wconf 91' lang='lat' dir='ltr'>vices</span> <span class='ocrx_word' id='word_1_152' title='bbox 1053 2499 1117 2564; x_wconf 88' lang='lat' dir='ltr'>iam</span> <span class='ocrx_word' id='word_1_153' title='bbox 1139 2499 1259 2563; x_wconf 89' lang='lat' dir='ltr'>iuvenis</span> <span class='ocrx_word' id='word_1_154' title='bbox 1282 2499 1353 2580; x_wconf 90' lang='lat' dir='ltr'>pul-</span> 
     </span>
     <span class='ocr_line' id='line_1_22' title="bbox 203 2600 1351 2684; baseline -0.003 -18"><span class='ocrx_word' id='word_1_155' title='bbox 203 2601 421 2683; x_wconf 88' lang='lat' dir='ltr'>chritudinem,</span> <span class='ocrx_word' id='word_1_156' title='bbox 456 2619 534 2684; x_wconf 88' lang='lat' dir='ltr'>quae</span> <span class='ocrx_word' id='word_1_157' title='bbox 563 2600 726 2666; x_wconf 89' lang='lat' dir='ltr'>libidinem</span> <span class='ocrx_word' id='word_1_158' title='bbox 754 2601 973 2680; x_wconf 82' lang='lat' dir='ltr'>inflammaret,</span> <span class='ocrx_word' id='word_1_159' title='bbox 1006 2601 1087 2665; x_wconf 90' lang='lat' dir='ltr'>tueri</span> <span class='ocrx_word' id='word_1_160' title='bbox 1110 2603 1351 2666; x_wconf 88' lang='lat' dir='ltr'>consentaneum</span> 
     </span>
     <span class='ocr_line' id='line_1_23' title="bbox 203 2700 1352 2785; baseline -0.003 -18"><span class='ocrx_word' id='word_1_161' title='bbox 203 2703 279 2767; x_wconf 92' lang='lat' dir='ltr'>erat.</span> <span class='ocrx_word' id='word_1_162' title='bbox 324 2703 373 2766; x_wconf 90' lang='lat' dir='ltr'>Ab</span> <span class='ocrx_word' id='word_1_163' title='bbox 398 2702 447 2766; x_wconf 93' lang='lat' dir='ltr'>his</span> <span class='ocrx_word' id='word_1_164' title='bbox 473 2701 572 2784; x_wconf 87' lang='lat' dir='ltr'>igitur</span> <span class='ocrx_word' id='word_1_165' title='bbox 599 2702 707 2785; x_wconf 91' lang='lat' dir='ltr'>utique</span> <span class='ocrx_word' id='word_1_166' title='bbox 733 2703 800 2767; x_wconf 90' lang='lat' dir='ltr'>stat</span> <span class='ocrx_word' id='word_1_167' title='bbox 822 2701 946 2768; x_wconf 89' lang='lat' dir='ltr'>Seneca.</span> <span class='ocrx_word' id='word_1_168' title='bbox 990 2702 1101 2767; x_wconf 89' lang='lat' dir='ltr'>Nescio</span> <span class='ocrx_word' id='word_1_169' title='bbox 1128 2721 1167 2766; x_wconf 91' lang='lat' dir='ltr'>an</span> <span class='ocrx_word' id='word_1_170' title='bbox 1194 2701 1290 2766; x_wconf 87' lang='lat' dir='ltr'>etiam</span> <span class='ocrx_word' id='word_1_171' title='bbox 1318 2700 1352 2763; x_wconf 91' lang='lat' dir='ltr'>in</span> 
     </span>
     <span class='ocr_line' id='line_1_24' title="bbox 203 2801 1351 2886; baseline -0.003 -18"><span class='ocrx_word' id='word_1_172' title='bbox 203 2822 248 2879; x_wconf 87' lang='lat' dir='ltr'>eo,</span> <span class='ocrx_word' id='word_1_173' title='bbox 281 2803 363 2886; x_wconf 90' lang='lat' dir='ltr'>quod</span> <span class='ocrx_word' id='word_1_174' title='bbox 386 2802 592 2884; x_wconf 89' lang='lat' dir='ltr'>Hippolytum</span> <span class='ocrx_word' id='word_1_175' title='bbox 614 2820 778 2868; x_wconf 88' lang='lat' dir='ltr'>novercam</span> <span class='ocrx_word' id='word_1_176' title='bbox 800 2803 969 2885; x_wconf 87' lang='lat' dir='ltr'>fugientem</span> <span class='ocrx_word' id='word_1_177' title='bbox 994 2802 1087 2885; x_wconf 87' lang='lat' dir='ltr'>lingit</span> <span class='ocrx_word' id='word_1_178' title='bbox 1116 2801 1281 2868; x_wconf 86' lang='lat' dir='ltr'>manifesto</span> <span class='ocrx_word' id='word_1_179' title='bbox 1312 2801 1351 2865; x_wconf 89' lang='lat' dir='ltr'>ab</span> 
     </span>
     <span class='ocr_line' id='line_1_25' title="bbox 204 2902 1352 2987; baseline -0.003 -17"><span class='ocrx_word' id='word_1_180' title='bbox 204 2905 351 2986; x_wconf 78' lang='lat' dir='ltr'>Euripide</span> <span class='ocrx_word' id='word_1_181' title='bbox 371 2904 512 2969; x_wconf 90' lang='lat' dir='ltr'>recedens</span> <span class='ocrx_word' id='word_1_182' title='bbox 535 2904 587 2986; x_wconf 87' lang='lat' dir='ltr'>(cf.</span> <span class='ocrx_word' id='word_1_183' title='bbox 603 2923 696 2986; x_wconf 92' lang='lat' dir='ltr'>supra</span> <span class='ocrx_word' id='word_1_184' title='bbox 711 2924 740 2986; x_wconf 91' lang='lat' dir='ltr'>p.</span> <span class='ocrx_word' id='word_1_185' title='bbox 756 2906 828 2982; x_wconf 83' lang='grc'>42);</span> <span class='ocrx_word' id='word_1_186' title='bbox 850 2905 978 2969; x_wconf 90' lang='lat' dir='ltr'>eandem</span> <span class='ocrx_word' id='word_1_187' title='bbox 999 2905 1108 2987; x_wconf 87' lang='lat' dir='ltr'>fugam</span> <span class='ocrx_word' id='word_1_188' title='bbox 1130 2902 1352 2968; x_wconf 87' lang='lat' dir='ltr'>commemorat</span> 
     </span>
     <span class='ocr_line' id='line_1_26' title="bbox 203 3003 1352 3083; baseline -0.002 -15"><span class='ocrx_word' id='word_1_189' title='bbox 203 3004 391 3070; x_wconf 87' lang='lat' dir='ltr'>Plutarchus</span> <span class='ocrx_word' id='word_1_190' title='bbox 417 3005 452 3082; x_wconf 83' lang='lat' dir='ltr'>(I.</span> <span class='ocrx_word' id='word_1_191' title='bbox 475 3004 509 3083; x_wconf 87' lang='lat' dir='ltr'>l.)</span> <span class='ocrx_word' id='word_1_192' title='bbox 531 3005 563 3068; x_wconf 88' lang='lat' dir='ltr'>et</span> <span class='ocrx_word' id='word_1_193' title='bbox 585 3005 622 3069; x_wconf 90' lang='lat' dir='ltr'>de</span> <span class='ocrx_word' id='word_1_194' title='bbox 645 3003 751 3070; x_wconf 78' lang='lat' dir='ltr'>Carino</span> <span class='ocrx_word' id='word_1_195' title='bbox 774 3023 909 3069; x_wconf 89' lang='lat' dir='ltr'>sororem</span> <span class='ocrx_word' id='word_1_196' title='bbox 931 3004 1105 3069; x_wconf 91' lang='lat' dir='ltr'>detestante</span> <span class='ocrx_word' id='word_1_197' title='bbox 1125 3004 1208 3069; x_wconf 88' lang='lat' dir='ltr'>idem</span> <span class='ocrx_word' id='word_1_198' title='bbox 1238 3003 1352 3068; x_wconf 86' lang='lat' dir='ltr'>cecinit</span> 
     </span>
     <span class='ocr_line' id='line_1_27' title="bbox 202 3105 1350 3190; baseline -0.002 -20"><span class='ocrx_word' id='word_1_199' title='bbox 202 3106 391 3171; x_wconf 89' lang='lat' dir='ltr'>Nicaenetus</span> <span class='ocrx_word' id='word_1_200' title='bbox 407 3106 459 3183; x_wconf 79' lang='lat' dir='ltr'>(cf.</span> <span class='ocrx_word' id='word_1_201' title='bbox 487 3106 720 3190; x_wconf 73' lang='lat' dir='ltr'>euprepes).</span> <span class='ocrx_word' id='word_1_202' title='bbox 753 3144 795 3153; x_wconf 93' lang='lat'><em>-</em></span> <span class='ocrx_word' id='word_1_203' title='bbox 828 3105 1030 3189; x_wconf 81' lang='lat' dir='ltr'>Singulorum</span> <span class='ocrx_word' id='word_1_204' title='bbox 1059 3105 1249 3171; x_wconf 82' lang='lat' dir='ltr'>examinatio</span> <span class='ocrx_word' id='word_1_205' title='bbox 1274 3105 1350 3168; x_wconf 90' lang='lat' dir='ltr'>item</span> 
     </span>
     <span class='ocr_line' id='line_1_28' title="bbox 204 3206 1350 3273; baseline -0.002 -3"><span class='ocrx_word' id='word_1_206' title='bbox 204 3207 422 3272; x_wconf 81' lang='lat' dir='ltr'>Alexandriam</span> <span class='ocrx_word' id='word_1_207' title='bbox 446 3227 500 3272; x_wconf 90' lang='lat' dir='ltr'>nos</span> <span class='ocrx_word' id='word_1_208' title='bbox 521 3208 619 3273; x_wconf 91' lang='lat' dir='ltr'>reicit.</span> <span class='ocrx_word' id='word_1_209' title='bbox 663 3208 787 3272; x_wconf 90' lang='lat' dir='ltr'>Etenim</span> <span class='ocrx_word' id='word_1_210' title='bbox 812 3207 1029 3272; x_wconf 84' lang='lat' dir='ltr'>Alexandrinis</span> <span class='ocrx_word' id='word_1_211' title='bbox 1051 3207 1185 3271; x_wconf 90' lang='lat' dir='ltr'>maxime</span> <span class='ocrx_word' id='word_1_212' title='bbox 1216 3206 1350 3270; x_wconf 89' lang='lat' dir='ltr'>siderum</span> 
     </span>
     <span class='ocr_line' id='line_1_29' title="bbox 202 3306 1351 3392; baseline -0.001 -21"><span class='ocrx_word' id='word_1_213' title='bbox 202 3308 319 3372; x_wconf 90' lang='lat' dir='ltr'>similia</span> <span class='ocrx_word' id='word_1_214' title='bbox 335 3308 377 3388; x_wconf 84' lang='lat' dir='ltr'>(v.</span> <span class='ocrx_word' id='word_1_215' title='bbox 391 3310 451 3373; x_wconf 87' lang='grc'>743</span> <span class='ocrx_word' id='word_1_216' title='bbox 463 3313 522 3392; x_wconf 93' lang='lat' dir='ltr'>sq.)</span> <span class='ocrx_word' id='word_1_217' title='bbox 538 3309 571 3372; x_wconf 93' lang='lat' dir='ltr'>in</span> <span class='ocrx_word' id='word_1_218' title='bbox 593 3310 712 3374; x_wconf 90' lang='lat' dir='ltr'>deliciis</span> <span class='ocrx_word' id='word_1_219' title='bbox 735 3309 828 3374; x_wconf 90' lang='lat' dir='ltr'>fuisse</span> <span class='ocrx_word' id='word_1_220' title='bbox 851 3309 1030 3382; x_wconf 86' lang='lat' dir='ltr'>videntur¹;</span> <span class='ocrx_word' id='word_1_221' title='bbox 1053 3309 1211 3372; x_wconf 90' lang='lat' dir='ltr'>eteorum</span> <span class='ocrx_word' id='word_1_222' title='bbox 1235 3306 1351 3371; x_wconf 90' lang='lat' dir='ltr'>doctri-</span> 
     </span>
     <span class='ocr_line' id='line_1_30' title="bbox 203 3408 1436 3494; baseline -0.003 -20"><span class='ocrx_word' id='word_1_223' title='bbox 203 3429 275 3474; x_wconf 88' lang='lat' dir='ltr'>nam</span> <span class='ocrx_word' id='word_1_224' title='bbox 299 3412 459 3494; x_wconf 87' lang='lat' dir='ltr'>artemque</span> <span class='ocrx_word' id='word_1_225' title='bbox 485 3412 601 3494; x_wconf 89' lang='lat' dir='ltr'>pariter</span> <span class='ocrx_word' id='word_1_226' title='bbox 626 3411 708 3494; x_wconf 80' lang='lat' dir='ltr'>sapIt</span> <span class='ocrx_word' id='word_1_227' title='bbox 735 3411 789 3475; x_wconf 90' lang='lat' dir='ltr'>ille</span> <span class='ocrx_word' id='word_1_228' title='bbox 810 3411 966 3491; x_wconf 89' lang='lat' dir='ltr'>Hesperus</span> <span class='ocrx_word' id='word_1_229' title='bbox 987 3409 1131 3492; x_wconf 90' lang='lat' dir='ltr'>idemque</span> <span class='ocrx_word' id='word_1_230' title='bbox 1153 3408 1276 3472; x_wconf 87' lang='lat' dir='ltr'>Lucifer</span> <span class='ocrx_word' id='word_1_231' title='bbox 1308 3410 1350 3483; x_wconf 89' lang='lat' dir='ltr'>(v.</span> <span class='ocrx_word' id='word_1_232' title='bbox 1433 3421 1436 3426; x_wconf 83' lang='lat'><em>·</em></span> 
     </span>
     <span class='ocr_line' id='line_1_31' title="bbox 204 3507 1350 3595; baseline -0.003 -21"><span class='ocrx_word' id='word_1_233' title='bbox 204 3511 263 3575; x_wconf 83' lang='grc'>751</span> <span class='ocrx_word' id='word_1_234' title='bbox 276 3514 356 3594; x_wconf 79' lang='lat' dir='ltr'>sq.)²</span> <span class='ocrx_word' id='word_1_235' title='bbox 371 3515 401 3577; x_wconf 91' lang='lat' dir='ltr'>et</span> <span class='ocrx_word' id='word_1_236' title='bbox 415 3513 605 3595; x_wconf 86' lang='lat' dir='ltr'>comparatio</span> <span class='ocrx_word' id='word_1_237' title='bbox 618 3531 688 3576; x_wconf 92' lang='lat' dir='ltr'>cum</span> <span class='ocrx_word' id='word_1_238' title='bbox 700 3512 775 3593; x_wconf 89' lang='lat' dir='ltr'>deis,</span> <span class='ocrx_word' id='word_1_239' title='bbox 788 3530 919 3593; x_wconf 92' lang='lat' dir='ltr'>quorum</span> <span class='ocrx_word' id='word_1_240' title='bbox 932 3511 1049 3593; x_wconf 87' lang='lat' dir='ltr'>figuras</span> <span class='ocrx_word' id='word_1_241' title='bbox 1063 3530 1113 3575; x_wconf 91' lang='lat' dir='ltr'>ars</span> <span class='ocrx_word' id='word_1_242' title='bbox 1127 3507 1350 3592; x_wconf 87' lang='lat' dir='ltr'>praeformavit</span> 
     </span>
    </p>
   </div>
   <div class='ocr_carea' id='block_1_3' title="bbox 204 3609 1352 3696">
    <p class='ocr_par' dir='ltr' id='par_1_5' title="bbox 204 3609 1352 3696">
     <span class='ocr_line' id='line_1_32' title="bbox 204 3609 1352 3696; baseline -0.002 -23"><span class='ocrx_word' id='word_1_243' title='bbox 204 3611 247 3694; x_wconf 83' lang='lat' dir='ltr'>(v.</span> <span class='ocrx_word' id='word_1_244' title='bbox 263 3612 323 3677; x_wconf 85' lang='lat'>753</span> <span class='ocrx_word' id='word_1_245' title='bbox 336 3631 380 3696; x_wconf 90' lang='lat' dir='ltr'>sq.</span> <span class='ocrx_word' id='word_1_246' title='bbox 396 3615 557 3695; x_wconf 83' lang='lat' dir='ltr'>800sq.)³.</span> <span class='ocrx_word' id='word_1_247' title='bbox 585 3613 694 3696; x_wconf 91' lang='lat' dir='ltr'>Neque</span> <span class='ocrx_word' id='word_1_248' title='bbox 716 3613 824 3678; x_wconf 90' lang='lat' dir='ltr'>dubito</span> <span class='ocrx_word' id='word_1_249' title='bbox 848 3612 1051 3676; x_wconf 89' lang='lat' dir='ltr'>adnumerare</span> <span class='ocrx_word' id='word_1_250' title='bbox 1072 3610 1160 3674; x_wconf 89' lang='lat' dir='ltr'>illam</span> <span class='ocrx_word' id='word_1_251' title='bbox 1183 3609 1352 3689; x_wconf 87' lang='lat' dir='ltr'>ohoripar-</span> 
     </span>
    </p>
   </div>
   <div class='ocr_carea' id='block_1_4' title="bbox 203 3911 1352 4257">
    <p class='ocr_par' dir='ltr' id='par_1_6' title="bbox 203 3911 1352 4062">
     <span class='ocr_line' id='line_1_33' title="bbox 308 3911 1352 3989; baseline -0.009 -16"><span class='ocrx_word' id='word_1_252' title='bbox 308 3919 377 3973; x_wconf 72' lang='grc' dir='ltr'>ι(11.</span> <span class='ocrx_word' id='word_1_253' title='bbox 403 3919 496 3989; x_wconf 89' lang='lat' dir='ltr'>Apoll.</span> <span class='ocrx_word' id='word_1_254' title='bbox 522 3918 614 3973; x_wconf 89' lang='lat' dir='ltr'>Rhod.</span> <span class='ocrx_word' id='word_1_255' title='bbox 638 3921 707 3989; x_wconf 87' lang='lat' dir='ltr'>Arg.</span> <span class='ocrx_word' id='word_1_256' title='bbox 731 3919 752 3987; x_wconf 93' lang='lat' dir='ltr'>I,</span> <span class='ocrx_word' id='word_1_257' title='bbox 777 3919 829 3972; x_wconf 87' lang='grc'>774</span> <span class='ocrx_word' id='word_1_258' title='bbox 858 3935 898 3986; x_wconf 92' lang='lat' dir='ltr'>sq.</span> <span class='ocrx_word' id='word_1_259' title='bbox 927 3916 977 3983; x_wconf 86' lang='lat'>111,</span> <span class='ocrx_word' id='word_1_260' title='bbox 996 3916 1056 3968; x_wconf 81' lang='grc'>917.</span> <span class='ocrx_word' id='word_1_261' title='bbox 1100 3913 1207 3966; x_wconf 89' lang='lat' dir='ltr'>Musaei</span> <span class='ocrx_word' id='word_1_262' title='bbox 1231 3911 1296 3966; x_wconf 88' lang='lat' dir='ltr'>Her.</span> <span class='ocrx_word' id='word_1_263' title='bbox 1323 3917 1352 3966; x_wconf 89' lang='lat' dir='ltr'>et</span> 
     </span>
     <span class='ocr_line' id='line_1_34' title="bbox 203 4008 369 4062; baseline -0.006 0"><span class='ocrx_word' id='word_1_264' title='bbox 203 4008 307 4062; x_wconf 85' lang='lat' dir='ltr'>Leand.</span> <span class='ocrx_word' id='word_1_265' title='bbox 327 4011 369 4062; x_wconf 85' lang='lat'>22.</span> 
     </span>
    </p>

    <p class='ocr_par' dir='ltr' id='par_1_7' title="bbox 203 4079 1351 4257">
     <span class='ocr_line' id='line_1_35' title="bbox 304 4079 1348 4166; baseline -0.009 -15"><span class='ocrx_word' id='word_1_266' title='bbox 304 4100 316 4132; x_wconf 80' lang='lat'>²</span> <span class='ocrx_word' id='word_1_267' title='bbox 335 4097 374 4151; x_wconf 82' lang='lat' dir='ltr'>cf.</span> <span class='ocrx_word' id='word_1_268' title='bbox 395 4096 527 4166; x_wconf 91' lang='lat' dir='ltr'>Apollod.</span> <span class='ocrx_word' id='word_1_269' title='bbox 546 4101 609 4163; x_wconf 80' lang='grc' dir='ltr'>περὶ</span> <span class='ocrx_word' id='word_1_270' title='bbox 627 4096 703 4150; x_wconf 75' lang='grc' dir='ltr'>θεῶν</span> <span class='ocrx_word' id='word_1_271' title='bbox 720 4095 773 4165; x_wconf 86' lang='lat' dir='ltr'>frg.</span> <span class='ocrx_word' id='word_1_272' title='bbox 794 4098 818 4148; x_wconf 81' lang='lat'>2.</span> <span class='ocrx_word' id='word_1_273' title='bbox 838 4093 955 4148; x_wconf 88' lang='lat' dir='ltr'>Mueller</span> <span class='ocrx_word' id='word_1_274' title='bbox 972 4093 1004 4146; x_wconf 88' lang='lat' dir='ltr'>F.</span> <span class='ocrx_word' id='word_1_275' title='bbox 1023 4091 1108 4146; x_wconf 83' lang='lat' dir='ltr'>HG.</span> <span class='ocrx_word' id='word_1_276' title='bbox 1127 4079 1186 4160; x_wconf 83' lang='lat' dir='ltr'>I&#39;p.</span> <span class='ocrx_word' id='word_1_277' title='bbox 1205 4090 1266 4142; x_wconf 76' lang='lat'>428.</span> <span class='ocrx_word' id='word_1_278' title='bbox 1288 4089 1348 4143; x_wconf 75' lang='lat' dir='ltr'>(lal-</span> 
     </span>
     <span class='ocr_line' id='line_1_36' title="bbox 203 4178 1351 4257; baseline -0.007 -17"><span class='ocrx_word' id='word_1_279' title='bbox 203 4188 314 4240; x_wconf 90' lang='lat' dir='ltr'>limach.</span> <span class='ocrx_word' id='word_1_280' title='bbox 338 4187 404 4241; x_wconf 89' lang='lat' dir='ltr'>Hec.</span> <span class='ocrx_word' id='word_1_281' title='bbox 427 4184 482 4257; x_wconf 86' lang='lat' dir='ltr'>frg.</span> <span class='ocrx_word' id='word_1_282' title='bbox 506 4188 548 4240; x_wconf 79' lang='grc'>12.</span> <span class='ocrx_word' id='word_1_283' title='bbox 587 4185 641 4239; x_wconf 87' lang='lat' dir='ltr'>Cir.</span> <span class='ocrx_word' id='word_1_284' title='bbox 663 4185 724 4238; x_wconf 81' lang='lat'>352.</span> <span class='ocrx_word' id='word_1_285' title='bbox 762 4184 861 4238; x_wconf 74' lang='lat' dir='ltr'>catull.</span> <span class='ocrx_word' id='word_1_286' title='bbox 882 4182 969 4250; x_wconf 87' lang='lat' dir='ltr'>LXII,</span> <span class='ocrx_word' id='word_1_287' title='bbox 989 4184 1031 4235; x_wconf 81' lang='grc'>35.</span> <span class='ocrx_word' id='word_1_288' title='bbox 1068 4181 1171 4235; x_wconf 89' lang='lat' dir='ltr'>Cinnae</span> <span class='ocrx_word' id='word_1_289' title='bbox 1196 4178 1250 4250; x_wconf 84' lang='lat' dir='ltr'>frg.</span> <span class='ocrx_word' id='word_1_290' title='bbox 1276 4181 1293 4232; x_wconf 86' lang='grc'>8</span> <span class='ocrx_word' id='word_1_291' title='bbox 1318 4178 1351 4232; x_wconf 88' lang='lat' dir='ltr'>L.</span> 
     </span>
    </p>
   </div>
   <div class='ocr_carea' id='block_1_5' title="bbox 204 4275 1350 4430">
    <p class='ocr_par' dir='ltr' id='par_1_8' title="bbox 204 4275 1350 4430">
     <span class='ocr_line' id='line_1_37' title="bbox 204 4275 1350 4430; baseline 0.072 -107"><span class='ocrx_word' id='word_1_292' title='bbox 204 4275 241 4329; x_wconf 88' lang='lat' dir='ltr'>M.</span> <span class='ocrx_word' id='word_1_293' title='bbox 260 4277 379 4417; x_wconf 57' lang='lat' dir='ltr'>aliqam</span> <span class='ocrx_word' id='word_1_294' title='bbox 398 4361 497 4415; x_wconf 52' lang='grc' dir='ltr'>ΗΜΘ</span> <span class='ocrx_word' id='word_1_295' title='bbox 515 4360 533 4414; x_wconf 41' lang='lat' dir='ltr'>l·</span> <span class='ocrx_word' id='word_1_296' title='bbox 553 4361 572 4414; x_wconf 41' lang='lat' dir='ltr'>l.</span> <span class='ocrx_word' id='word_1_297' title='bbox 592 4378 619 4430; x_wconf 43' lang='lat' dir='ltr'>p·</span> <span class='ocrx_word' id='word_1_298' title='bbox 640 4361 691 4414; x_wconf 68' lang='lat'>155</span> <span class='ocrx_word' id='word_1_299' title='bbox 711 4378 750 4429; x_wconf 42' lang='lat' dir='ltr'>sq·</span> <span class='ocrx_word' id='word_1_300' title='bbox 786 4359 894 4414; x_wconf 57' lang='lat' dir='ltr'><strong>Intonsi</strong></span> <span class='ocrx_word' id='word_1_301' title='bbox 913 4358 1053 4428; x_wconf 76' lang='lat' dir='ltr'>Apollinis</span> <span class='ocrx_word' id='word_1_302' title='bbox 1071 4357 1229 4426; x_wconf 70' lang='lat' dir='ltr'>Bacchique</span> <span class='ocrx_word' id='word_1_303' title='bbox 1248 4354 1350 4409; x_wconf 86' lang='lat' dir='ltr'>crines:</span> 
     </span>
    </p>
   </div>
   <div class='ocr_carea' id='block_1_6' title="bbox 203 4446 1226 4521">
    <p class='ocr_par' dir='ltr' id='par_1_9' title="bbox 203 4446 1226 4521">
     <span class='ocr_line' id='line_1_38' title="bbox 203 4446 1226 4521; baseline -0.007 -17"><span class='ocrx_word' id='word_1_304' title='bbox 203 4451 307 4506; x_wconf 84' lang='lat' dir='ltr'>Tibull.</span> <span class='ocrx_word' id='word_1_305' title='bbox 326 4452 348 4521; x_wconf 94' lang='grc' dir='ltr'>Ι,</span> <span class='ocrx_word' id='word_1_306' title='bbox 366 4457 392 4507; x_wconf 82' lang='grc'>4.</span> <span class='ocrx_word' id='word_1_307' title='bbox 411 4453 445 4505; x_wconf 85' lang='grc'>37</span> <span class='ocrx_word' id='word_1_308' title='bbox 464 4468 519 4521; x_wconf 86' lang='lat' dir='ltr'>sq.;</span> <span class='ocrx_word' id='word_1_309' title='bbox 538 4449 574 4506; x_wconf 88' lang='lat' dir='ltr'>of.</span> <span class='ocrx_word' id='word_1_310' title='bbox 593 4449 643 4506; x_wconf 90' lang='lat' dir='ltr'>Ov.</span> <span class='ocrx_word' id='word_1_311' title='bbox 663 4450 730 4504; x_wconf 86' lang='lat' dir='ltr'>Met.</span> <span class='ocrx_word' id='word_1_312' title='bbox 747 4448 798 4518; x_wconf 90' lang='grc' dir='ltr'><strong>ΙΙΙ,</strong></span> <span class='ocrx_word' id='word_1_313' title='bbox 816 4449 877 4502; x_wconf 82' lang='grc'>421.</span> <span class='ocrx_word' id='word_1_314' title='bbox 915 4450 1010 4501; x_wconf 88' lang='lat' dir='ltr'>Amor.</span> <span class='ocrx_word' id='word_1_315' title='bbox 1029 4446 1052 4516; x_wconf 92' lang='grc' dir='ltr'>Ι,</span> <span class='ocrx_word' id='word_1_316' title='bbox 1073 4448 1113 4501; x_wconf 86' lang='grc'>14.</span> <span class='ocrx_word' id='word_1_317' title='bbox 1133 4447 1164 4499; x_wconf 86' lang='grc'>31</span> <span class='ocrx_word' id='word_1_318' title='bbox 1186 4462 1226 4515; x_wconf 90' lang='lat' dir='ltr'>sq.</span> 
     </span>
    </p>
   </div>
   <div class='ocr_carea' id='block_1_7' title="bbox 0 0 1577 5074">
    <p class='ocr_par' dir='ltr' id='par_1_10' title="bbox 0 0 1577 5074">
     <span class='ocr_line' id='line_1_39' title="bbox 0 0 1577 5074; baseline 0 0"><span class='ocrx_word' id='word_1_319' title='bbox 0 0 1577 5074; x_wconf 95' lang='lat' dir='ltr'> </span> 
     </span>
    </p>
   </div>
  </div>
 </body>
</html>
