3142 5074
798 431 834 490 98

213 681 215 690 s
239 605 344 673 autern
369 605 547 674 voluntaria
581 609 681 672 morte
703 627 719 672 e
741 607 808 672 vita
830 607 960 672 decedit.
1010 607 1150 691 Denique
1172 606 1282 674 notare
1303 609 1392 675 iuvat

239 727 285 788 eo,
318 709 399 792 quod
421 709 521 773 mater
542 710 630 774 lenae
649 727 762 773 munus
790 708 883 773 simul
906 708 1045 791 suscipit,
1077 727 1142 774 rem
1163 709 1389 775 intricatiorem
1437 775 1444 788 ,

239 810 305 875 fieri
328 811 359 875 et
381 810 480 875 scelus
501 810 620 891 angeri,
643 811 738 893 atquo
759 810 817 874 hoo
838 810 1088 875 consarcinatore
1109 810 1248 893 dignum.

339 913 407 977 larn
429 930 500 976 vero
530 912 584 995 qni
607 912 646 976 ab
668 911 716 976 his
738 911 804 975 tam
829 911 934 992 parvis
957 911 1184 977 Alexandrinae
1204 913 1304 994 poesis
1325 913 1392 977 fru-

240 1012 331 1076 stulis
361 1013 467 1095 pedem
501 1011 691 1094 promoverit
722 1011 759 1075 od
795 1011 966 1075 recentiora
998 1030 1035 1076 ao
1063 1013 1275 1078 recentissima
1296 1012 1390 1078 Grae·

240 1131 345 1178 carum
376 1113 552 1178 litterarum
582 1112 731 1194 tempora,
761 1112 794 1175 in
817 1111 930 1195 quibus
952 1111 1232 1178 Alexandrinorum
1254 1114 1392 1189 auotori-

239 1215 288 1278 tas
309 1214 417 1296 utique
438 1213 566 1290 obtinet,
596 1231 665 1278 oum
689 1212 780 1294 plura
801 1212 832 1276 id
855 1231 952 1295 genus
976 1231 1083 1295 sparsa
1104 1213 1305 1278 inventurum
1327 1233 1392 1279 osso

240 1314 369 1380 conlido.
429 1315 531 1380 Unam
567 1315 625 1378 hoo
660 1313 729 1377 loeo
762 1313 973 1378 narrationem
1007 1332 1144 1395 propono
1176 1313 1391 1397 Xenophontis

240 1416 364 1499 Ephesii
386 1415 512 1480 fabulae
534 1416 709 1480 romanensi
732 1413 890 1496 illigatam
913 1413 967 1492 (II,
991 1416 1011 1478 3
1033 1414 1147 1481 Heroh.
1164 1415 1179 1480 Ι
1194 1435 1223 1498 p.
1239 1417 1301 1480 348
1320 1414 1389 1499 sp),

239 1517 293 1582 ubi
327 1515 435 1581 Manto
470 1515 623 1600 quaedam
656 1515 785 1599 Apsyrti
815 1515 881 1580 iilia
912 1516 1127 1582 Habrooomsn
1160 1517 1243 1599 apud
1269 1518 1390 1598 patrem

239 1619 420 1683 servitutem
452 1619 636 1684 servientem
669 1617 821 1702 deperisse
854 1619 1016 1684 narratur:
1051 1613 1134 1703 αὕτη
1161 1608 1181 1705 ἡ
1205 1613 1332 1684 Μαντώ
1355 1619 1391 1684 ἐκ

239 1721 297 1804 τῆς
328 1715 493 1807 συνίγθους
529 1713 613 1802 μετὰ
653 1726 716 1784 τοῦ
740 1714 950 1801 Ἀβροκόμου
982 1718 1107 1804 διαίτης
1141 1718 1304 1786 ἁλίσκεται
1336 1720 1391 1784 καί

238 1819 464 1900 ἀκατασχέτως
485 1811 552 1901 εἶχε
575 1818 628 1885 καὶ
650 1815 770 1909 ἠπόρει
793 1815 845 1884 ότι
872 1815 1022 1906 ποιήσαι·
1047 1810 1122 1886 οότε
1146 1815 1204 1904 γὰρ
1226 1816 1312 1902 πρός
1332 1818 1391 1885 τόν

237 1914 447 2006 <Αβρσκόμιγν
473 1918 581 1986 εἰπεῖν
608 1919 738 2004 ἐτόλμα,
765 1925 899 2006 γυναῖκα
920 1916 1027 1987 εἰδυῖα
1050 1917 1165 2002 έχοντα
1186 1921 1240 1985 καί
1262 1920 1391 1987 πείσειν

217 2011 218 2014 “
240 2015 401 2087 υόδέπστε
418 2021 602 2104 ἐλπίζουσα,
630 2013 705 2088 οότε
727 2012 817 2108 ι’ίλλιμ
839 2023 904 2088 τινὶ
924 2023 991 2088 τῶν
1013 2018 1131 2107 ἑαυτῆς
1152 2022 1218 2087 δέει
1240 2025 1298 2088 τοῦ
1324 2046 1390 2087 πα-

238 2118 328 2204 τρός
352 2113 432 2187 δι’
410 2148 431 2187 α
453 2119 492 2208 δὴ
515 2122 570 2188 καί
590 2117 757 2207 μᾶλλον’
737 2118 891 2189 ανεκόετο
910 2148 964 2189 και
956 2123 1121 2189 διέκειτο
1144 2142 1313 2209 πονηρους·
1335 2124 1390 2188 καὶ

240 2223 346 2287 οὐκέτι
374 2227 576 2307 καρτεροόσα
603 2221 684 2310 έγνω
713 2221 797 2308 πρός
817 2221 877 2314 τὴν
895 2224 1014 2311 Ῥόδην,
1041 2221 1102 2310 τήν
1115 2220 1310 2346 σόντροφμν
1330 2225 1390 2314 τῆς

238 2309 403 2410 Ἀνθείας,
435 2310 535 2390 οὖσαν
556 2321 722 2414 ἡλικιῶτιν
748 2326 801 2390 καί
835 2321 944 2412 κόρην,
978 2329 1147 2391 κατειπεῖν
1177 2321 1236 2389 τόν
1266 2322 1388 2407 έριυτα·

239 2420 358 2510 ταύτην
384 2449 446 2509 γαρ
463 2426 579 2511 μόνην
612 2417 726 2512 ήλπιζε
749 2422 957 2512 συνεργήσειν
980 2418 1061 2515 αότι,
1081 2423 1167 2509 πρός
1188 2428 1245 2517 τὴν
1267 2425 1388 2492 ἐπιθυ-

239 2524 325 2606 μίαν.
346 2525 402 2590 καὶ
423 2523 462 2614 δὴ
485 2527 603 2612 σχολῆς
621 2459 831 2613 λαβογιένιγ”
809 2551 880 2613 αγει
901 2522 1018 2615 τήν’
981 2552 1080 2613 κορην
1095 2523 1232 2612 πρός
1194 2553 1235 2592 τα
1250 2529 1390 2614 πατρῷα

240 2624 297 2690 έπί
317 2629 376 2711 τῆς
397 2623 501 2704 οἰκίας
522 2621 602 2710 ίερό,
627 2627 682 2692 καὶ
697 2630 802 2694 δεῖται
821 2624 865 2716 μὴ
886 2633 1055 2695 κατειπεῖν
1075 2620 1174 2718 αδτδγς
1196 2629 1249 2693 καὶ
1272 2624 1390 2713 ὅρκους

239 2722 396 2808 λαμβάνει
422 2728 476 2792 καί
503 2728 587 2812 λέγει
613 2724 671 2792 τόν
703 2725 810 2811 ἔρωτα
845 2733 906 2795 τοῦ
935 2725 1144 2814 Ἀβροκόμου
1176 2729 1229 2794 καὶ
1253 2724 1390 2795 ίκετεόει

240 2827 462 2909 συλλαβέσθαι
487 2829 541 2894 καί
565 2824 723 2894 πολλὰί
705 2830 864 2911 υπέσχετσ
891 2829 1076 2914 συλλαβομ
1034 2853 1124 2918 μενη.
1178 2831 1287 2897 Rhodo
1315 2833 1390 2897 σου·

239 2928 345 2995 inds'
337 2949 478 2994 invenem
510 2931 672 2995 certiorem
701 2931 778 2996 faoit
800 2930 838 2996 de
860 2935 1042 3007 amoro;at
1008 2933 1172 2998 atldanto
1195 2951 1300 2996 morae
1321 2933 1391 2997 tao-

239 3030 326 3095 dium
349 3030 466 3096 diutins
487 3050 549 3095 non
571 3031 630 3097 lert
652 3032 692 3114 (o.
709 3033 738 3098 V
758 3033 870 3098 Heroh
894 3051 923 3114 p
936 3034 1068 3116 350)
1057 3026 1119 3096 ‘dd
1133 3027 1259 3095 Μαντώ
1281 3053 1389 3113 χρονι-

240 3124 357 3214 ζοόσης
373 3138 447 3252 τῆς
474 3125 586 3214 Ῥόδης
619 3123 730 3198 οόκέτι
763 3135 969 3214 καρτερσῦσα
999 3128 1121 3219 γράφει
1155 3131 1390 3216 γραμματίδιον

239 3226 325 3314 πρός
345 3225 403 3295 τόν
422 3220 688 3317 Ἀβροκόμιγν·
668 3258 707 3322 ην
728 3233 764 3299 δε
784 3229 825 3298 τό
848 3233 1015 3319 ἑγγεγραμγ
978 3233 1084 3317 μιένα
1104 3232 1235 3301 τοιόδες
1267 3229 1389 3316 Ἀβρο-

238 3327 381 3453 κόμῃτῳ
365 3331 493 3418 salpi
515 3331 711 3398 dionorvor‘
693 3359 712 3420 η
734 3333 774 3420 αὴ
794 3333 926 3415 χαίρειν.
947 3332 1112 3401 Μαντιὺ’
1096 3337 1161 3419 epol
1182 3357 1253 3416 σου,
1274 3325 1387 3420 μἠκέτι

239 3431 352 3520 φέρειν
381 3432 554 3518 δυναμένη·
584 3433 732 3517 ἀπρεπες
758 3435 818 3518 μὲν
844 3429 928 3513 ι’σως
958 3435 1128 3522 παρθένῳ,
1154 3437 1329 3520 ἀναγκαῖον
1352 3432 1389 3499 δὲ

239 3533 394 3620 φιλσόσῃ·
431 3533 555 3616 δέομαι,
587 3529 632 3622 μή
664 3559 705 3618 με
742 3536 891 3623 περιίδῃς
921 3535 1002 3622 μηδὲ
1034 3531 1169 3624 ὑβρίσῃς
1197 3532 1255 3623 τὴν
1281 3559 1322 3600 τα
1346 3529 1389 3599 σὰ

237 3630 407 3722 ᾑρημένην.
456 3631 511 3700 ἐὰν
536 3631 594 3720 γὰρ
622 3639 768 3725 πεισθῇς
794 3637 886 3704 κτλ.ι
925 3674 964 3684 -
1006 3641 1115 3702 Ταῦτα
1144 3632 1185 3701 τό
1217 3632 1389 3721 γράμματα

238 3735 386 3815 λαβοῦσα
417 3735 469 3800 καί
502 3737 789 3822 κατασημηναμένιγ
823 3738 939 3804 δίδωσι
968 3738 1158 3825 θεραπαίνῃ
1178 3737 1241 3803 τινὶ
1273 3732 1388 3821 ἑαυτῆς

237 3831 406 3922 βαρβάρῳ,
429 3832 570 3902 εἰποῦσα
584 3834 773 3926 Ἀβροκόμγγ
791 3838 947 3923 κομίζειν·
971 3839 991 3905 ό
1013 3839 1049 3905 δέ
1071 3836 1168 3922 ἔλαβε
1191 3837 1245 3903 καί
1267 3827 1386 3921 δνέγνω

238 3937 293 4001 καί
320 3937 401 4002 πᾶσι
429 3935 489 4020 μὲν
510 3927 633 4027 ἤχθετο
657 3944 728 4018 τοῖς
755 3939 1020 4030 ἐγγεγραμμένοις
1041 3941 1108 4007 κτλ.
1132 3939 1319 4006 —Iuvenis
1340 3957 1386 4003 re·

238 4057 348 4121 sponso
378 4039 488 4106 deindo
514 4060 567 4124 per
595 4040 717 4109 litteras
738 4042 813 4108 dato
835 4061 940 4108 omnes
962 4041 1099 4126 coniugii
1124 4041 1318 4108 oondioionos
1338 4056 1388 4103 ra-

237 4139 356 4222 pudiat.
399 4141 570 4224 Xenophon
603 4143 722 4224 pergit:
754 4144 921 4224 Λαβσδσα
952 4145 1057 4207 ταῦτα
1090 4137 1130 4206 τὰ
1164 4135 1336 4227 γράμματα
1366 4131 1385 4224 ἡ

340 4355 467 4410 ¹Manto
485 4356 551 4410 inde
570 4357 606 4412 ad
624 4361 714 4412 sertas
733 4358 856 4429 coniugii
876 4359 1052 4414 oondioionos
1072 4358 1256 4428 proferendas
1274 4358 1386 4412 deseen-

237 4445 281 4498 dit
299 4449 336 4513 et,
358 4461 429 4512 quae
450 4462 485 4499 ex
503 4446 616 4513 repulsa
634 4451 768 4501 eventura
786 4447 851 4515 sint,
870 4448 966 4516 paneis
986 4447 1087 4516 aperit.
