3154 5076
738 441 773 495 33

180 615 312 698 amplius
344 615 499 682 tumidam
531 634 569 682 ac
601 579 779 697 plumbeam
806 613 995 680 cantilenam
1024 612 1061 680 de
1089 613 1156 678 diro
1187 613 1331 680 muliebri

178 735 289 799 genere
311 717 536 782 declamantem
559 714 637 781 16611
648 718 666 780 ¹.
711 713 771 779 Sed
799 713 893 778 etiam
917 715 1049 780 certiora
1085 713 1159 779 sciri
1191 716 1329 796 possunt.

164 815 261 882 ¹Nam
286 836 341 900 pro
363 819 446 882 certo
469 817 626 882 affirmare
648 814 749 880 ausim
771 814 1013 880 Valckenarium
1036 816 1117 879 recte
1141 815 1330 880 coniectasse
1398 803 1401 808 ¹

178 917 350 984 clausulam
375 917 525 983 erationis
547 915 711 998 Hippolyti
738 934 773 980 ex
794 914 896 997 priore
919 913 1054 980 editione
1074 915 1108 979 in
1132 915 1263 980 alteram
1286 915 1329 979 ir·

177 1019 306 1101 repsisse
324 1039 352 1084 v.
366 1020 539 1085 ool-68².
563 1017 645 1098 Quos
662 1036 766 1082 versus
782 1015 814 1080 in
837 1016 1015 1080 universum
1033 1016 1171 1098 prolatos
1187 1015 1328 1082 hocloco

177 1121 334 1205 languere,
366 1121 531 1203 postquam
553 1118 742 1201 Hippolytus
775 1137 809 1182 ex
840 1136 924 1182 more
946 1117 1112 1200 Huripideo
1141 1117 1327 1182 sententiam

177 1223 353 1306 generalem
376 1222 415 1287 ad
435 1221 635 1305 singularem,
668 1239 747 1303 quae
769 1219 968 1284 inmanibus
994 1220 1050 1301 est,
1084 1236 1210 1284 causam
1223 1219 1329 1300 wadap-

177 1322 269 1403 tavit,
303 1323 337 1404 ii,
366 1323 477 1405 quibus
503 1341 555 1389 cor
575 1323 610 1388 ut
632 1321 722 1386 aiunt
742 1319 834 1402 sapit,
856 1321 1054 1402 persentient.
1103 1321 1146 1385 Α1
1172 1321 1330 1404 quadrant

177 1423 254 1488 haec
285 1423 423 1488 convicia
453 1423 485 1487 in
513 1423 648 1506 priorem
672 1421 776 1486 Velati
803 1439 957 1499 scaenam,
990 1422 1027 1486 ut
1049 1421 1182 1488 Senecae
1214 1421 1329 1488 similes

176 1541 283 1588 uersus
306 1525 368 1587 566
389 1543 433 1607 sq.
456 1524 596 1602 vincunt,
1159 1552 1161 1555 ·

278 1623 338 1689 Sed
359 1625 423 1689 iam
444 1624 587 1689 Phaedra
609 1625 677 1706 ipsa
700 1641 805 1689 morae
818 1622 985 1705 impatiens
1001 1622 1181 1706 priuignum
1196 1622 1273 1699 adit,
1295 1622 1327 1687 in

177 1743 241 1807 qua
261 1743 371 1791 scaena
395 1725 571 1790 exornanda
596 1725 687 1807 poeta
707 1723 853 1799 Graecias,
884 1743 922 1788 ne
941 1724 1082 1788 Romano
1104 1723 1184 1788 hanc
1205 1722 1328 1788 laudem

176 1824 341 1904 vindicem,
367 1826 526 1910 egregium
546 1823 699 1891 artificem
721 1844 753 1891 se
777 1825 944 1906 praestitit.
974 1859 1009 1870 ·-
1038 1825 1208 1890 Procedens
1230 1823 1329 1906 igitur

177 1926 236 1991 illa
269 1947 298 1991 v.
325 1929 386 1992 583
412 1947 457 2010 sq.
488 1927 613 2009 repente
641 1945 673 1990 se
704 1927 809 1991 animo
839 1926 941 2008 linqui
971 1926 1114 2004 simulat3
1152 1925 1329 2003 collabitur,

177 2026 367 2111 Hippolytus
390 2029 560 2110 collapsam
584 2027 705 2109 excipit,
729 2045 806 2092 anus
829 2029 1002 2109 torpentem
1024 2028 1139 2092 excitat
1163 2046 1191 2092 v.
1209 2026 1285 2091 587:

331 2128 446 2193 attolle
465 2129 580 2206 vultus,
604 2127 727 2192 dimove
749 2127 833 2193 vocis
855 2146 973 2192 moras:

327 2229 400 2292 tuus
422 2248 468 2307 66,
491 2229 628 2306 616666,
651 2229 749 2293 16661
770 2227 961 2310 Hippolytus
984 2228 1079 2293 16661.

176 2329 247 2394 166
279 2329 336 2394 1116
368 2329 431 2394 1661
464 2330 585 2395 reddita
619 2328 660 2393 ad
692 2329 828 2394 immane
850 2329 1042 2410 propositum
1065 2329 1274 2414 peragendum
1296 2345 1329 2391 se

176 2429 326 2513 accingit,
350 2429 599 2496 sedverecundia
620 2429 786 2494 deturbata
809 2429 977 2512 culpaeque
1000 2429 1121 2494 conseia
1144 2428 1328 2494 interseris

176 2530 308 2596 consilia
325 2530 455 2596 fluctuat
475 2533 515 2608 61,
536 2529 617 2594 unde
629 2529 826 2611 potissimum
841 2530 944 2612 capiat
956 2531 1122 2607 exordium,
1146 2531 1329 2596 cunctanter

176 2629 309 2712 quaerit.
327 2667 359 2676 -
388 2631 529 2714 Vestigia
551 2632 601 2695 hic
623 2631 723 2695 latent
746 2628 857 2695 Graeci
872 2629 1062 2712 exemplaris.
1100 2630 1182 2696 Nam
1205 2631 1231 2694 si
1256 2630 1329 2696 Ovi·

175 2730 222 2795 dii
240 2730 381 2797 Phaedra
403 2731 511 2796 scribit
533 2751 561 2796 v.
584 2733 622 2795 7:
641 2729 705 2796 ‘ter
726 2733 830 2795 tecum
851 2733 962 2795 conata
983 2721 1085 2814 loqui'
1107 2751 1132 2796 e.
1148 2751 1177 2814 q.
1193 2751 1227 2812 6.,
1253 2731 1327 2814 quid

175 2829 263 2894 aliud
287 2831 429 2912 exprimit
452 2831 512 2895 nisi
534 2832 629 2896 istam
651 2832 881 2896 cunctationem
905 2831 957 2912 (cf.
981 2831 1051 2897 Sen.
1074 2834 1135 2897 602
1163 2852 1208 2915 sq.
1229 2831 1327 2914 63711

175 2929 311 2996 Senecae
333 2933 436 2996 autem
461 2931 603 2996 Phaedra
629 2950 731 2996 secum
760 2934 884 3014 reputat
914 2952 943 2997 v.
967 2933 1028 2996 596
1051 2952 1111 3016 sq:
1143 2931 1187 2998 ‘si
1219 2934 1327 3015 coepta

175 3051 333 3115 exsequor,
357 3032 474 3098 Forsan
488 3032 589 3115 iugali
611 3033 727 3098 crimen
749 3033 937 3098 abscondam
960 3034 1051 3098 la'oe’.
1083 3035 1161 3099 Item
1175 3033 1328 3099 Ouidiana

175 3133 281 3216 puella
318 3153 347 3199 v.
380 3135 439 3199 137
472 3152 517 3216 sq.
556 3135 682 3200 nomina
719 3133 888 3217 modosque
931 3134 1068 3200 diversos
1110 3136 1166 3200 illa
1204 3134 1328 3218 quidem

176 3236 309 3318 quaerit,
333 3237 444 3317 quibus
460 3235 577 3299 crimen
599 3236 736 3317 obtegat.
775 3235 892 3317 Neque,
915 3226 994 3318 quae
1015 3235 1071 3300 illa
1084 3235 1172 3300 addit
1195 3255 1222 3300 v.
1247 3236 1327 3299 598:

173 3331 322 3402 ‘honesta
345 3337 498 3418 quaedam
520 3338 639 3428 scelera¹
648 3357 805 3402 successus
826 3333 926 3414 16611,
950 3336 1149 3419 Euripideum
1172 3337 1328 3419 sophisma

175 3457 240 3503 non
262 3437 409 3519 sapiunt;
431 3457 504 3503 nam
531 3439 565 3503 16
586 3440 720 3504 mentem
744 3439 829 3504 uenit
851 3438 956 3503 nutrix
979 3438 1059 3520 apud
1083 3437 1261 3520 Euripidem
1281 3439 1328 3503 ita

282 3758 342 3812 ιΙ6
362 3757 524 3813 Coronifero
544 3775 588 3812 res
608 3757 690 3812 aliter
709 3775 738 3814 se
757 3758 856 3828 habet,
885 3777 946 3814 cum
970 3759 1120 3816 commistio
1145 3777 1177 3814 6ο
1196 3759 1328 3828 leniatur,

178 3847 255 3916 quod
277 3848 374 3901 nutrix
392 3847 549 3901 intercedit.
574 3877 606 3886 -
628 3848 723 3902 Nihilo
747 3849 835 3903 secius
854 3849 1001 3919 Hippolyti
1020 3849 1082 3904 fusa
1101 3849 1194 3919 iurgia
1213 3849 1243 3902 in
1260 3847 1328 3902 libe·

177 3952 275 3988 rorum
286 3936 510 4004 procreationem
522 3936 582 3990 illic
592 3937 712 3990 ridicula
723 3941 797 4006 6661,
811 3938 877 4006 quia
890 3938 1008 3992 nutricis
1022 3937 1141 3992 incitans
1154 3937 1327 4006 provocatiO,

99 4082 104 4093 Α
178 4040 250 4092 qnae
267 4023 298 4076 in
315 4023 423 4090 Velato,
444 4025 561 4079 sirecte
581 4025 732 4093 disputavi,
752 4026 843 4080 locum
861 4026 978 4094 invenit,
997 4026 1110 4080 omnino
1131 4025 1217 4079 deest.

279 4113 290 4144 ²
310 4112 477 4181 Euripideos
497 4114 546 4166 hos
565 4130 662 4168 versus
685 4131 744 4168 6666
761 4113 841 4168 Gloel
865 4114 883 4168 l.
902 4116 920 4168 l.
940 4131 967 4183 p.
987 4115 1021 4168 50
1045 4132 1084 4182 sq.
1102 4115 1204 4169 merito
1230 4117 1328 4167 contra

178 4197 374 4252 Bartholdium
395 4200 446 4254 Rh.
458 4201 529 4254 Mus.
550 4201 566 4254 l.
580 4201 598 4253 l.
612 4218 638 4269 p.
652 4203 705 4255 337
723 4203 842 4270 monuit,
861 4202 1011 4257 servandos
1026 4219 1093 4270 6666,
1112 4218 1167 4271 qno
1180 4201 1241 4255 loco
1254 4219 1329 4255 nunc

177 4287 319 4356 leguntur,
349 4289 454 4343 nemini
481 4307 546 4342 eum
568 4289 737 4357 persuasisse
762 4307 852 4358 spero.
888 4288 974 4342 Recte
1002 4294 1096 4344 autem
1124 4287 1265 4342 intellexit
1292 4288 1329 4341 ad

178 4376 270 4442 λέγειν
282 4394 307 4429 v.
319 4378 370 4430 666
388 4394 422 4430 ex
436 4377 664 4431 antecedentibus
678 4383 772 4446 μισεῖν
790 4383 921 4446 γυναῖκας
934 4377 1059 4447 suppleri
1072 4376 1180 4430 debere.
1218 4375 1328 4430 Coniec

179 4462 263 4517 turis:
284 4471 394 4536 στυγεῖν
404 4465 527 4535 (Reislre)
540 4469 642 4534 ψέγειν
653 4464 839 4535 (Heimsoetb)
854 4466 1008 4520 sententiae
1020 4481 1136 4520 acumen
1155 4463 1328 4518 debilitatur.

1110 4555 1125 4606 3
