3154 5076
736 375 772 430 48

176 549 397 632 pronuntiatur
406 551 425 614 ¹.
470 548 578 614 Audeo
600 549 699 632 igitur
721 548 862 631 Euripidi
884 548 1043 630 assignare
1064 546 1124 630 frg.
1146 545 1249 628 adesp.
1272 545 1326 610 ta:

375 642 516 714 πολλάκι
535 673 594 732 μοι
616 649 792 732 πραπίδων
813 647 930 736 διῆλθε
952 645 1104 733 φροντίς,

376 744 443 816 εἴτε
465 746 546 830 τύχα
568 749 647 834 [τις]
670 743 736 815 εἴτε
756 748 884 832 δαίμων

375 846 415 915 τὰ
435 846 567 933 βρότεια
585 849 717 932 κραίνει,

375 945 468 1035 παρά
489 955 518 1016 τ’
542 950 659 1017 ἐλπίδα
678 949 732 1015 καί
753 951 845 1033 παρὰ
866 948 958 1015 δίκαν

378 1049 456 1130 τούς
478 1052 537 1135 μὲν
557 1042 616 1118 ἄπ’
641 1045 741 1117 οἴκων
762 1051 789 1118 δ’
813 1044 1060 1129 ἀναπίπτοντος

375 1146 458 1237 α’τδρ
474 1156 572 1230 θεοῦ,
595 1150 672 1230 τούς
692 1153 720 1218 δ’
744 1155 960 1233 εὐτυχοῦντας
979 1141 1068 1236 dyest

176 1259 209 1322 et
237 1255 376 1322 uersibus
406 1256 481 1319 Eur.
507 1255 581 1338 Hip.
606 1256 687 1320 1102
712 1274 759 1337 sq.
787 1254 921 1319 similem
952 1252 1101 1318 introitus
1130 1250 1262 1315 formam
1295 1248 1327 1312 et

175 1355 311 1423 Senecae
329 1357 538 1422 imitationem
563 1357 595 1421 in
618 1357 771 1422 rationem
792 1373 905 1422 uocans
924 1354 984 1437 ipsi
1004 1353 1109 1418 nostro
1121 1351 1226 1416 Velati
1247 1349 1326 1414 loco.

175 1458 289 1522 Restat
311 1475 408 1522 unum
426 1458 582 1524 cauticum
605 1458 675 1540 post
697 1457 843 1522 nuntium
865 1457 1016 1522 insertum
1030 1453 1100 1520 Seu.
1121 1473 1150 1517 v.
1170 1453 1251 1517 1123
1266 1469 1327 1533 sq.:

172 1551 290 1624 ‘minor
331 1557 363 1621 in
410 1558 514 1640 parvis
559 1557 698 1622 Fortuna
745 1557 823 1622 lurit
867 1557 1041 1638 heriusque
1089 1553 1161 1619 ierit
1207 1552 1325 1617 leviora

174 1649 275 1742 deus';
306 1676 367 1741 quo
397 1659 465 1724 loco
496 1659 658 1742 Euripides
680 1677 709 1724 r.
734 1661 815 1724 1268
844 1679 889 1743 sq.
912 1659 1041 1724 chorum
1067 1656 1191 1722 Amoris
1218 1655 1325 1720 laudes

174 1760 338 1825 canentem
360 1758 490 1838 inducit,
511 1759 624 1843 quihus
646 1759 794 1825 Senecam
822 1760 883 1825 alio
905 1760 973 1824 loco
996 1759 1127 1824 abusum
1149 1774 1213 1822 esse
1233 1755 1325 1821 modo

173 1859 324 1925 vidimus.
367 1857 560 1924 Sententiam
583 1861 698 1939 autem,
732 1879 827 1944 quam
859 1862 950 1943 poeta
983 1859 1143 1924 Romanus
1173 1856 1324 1932 illustrat,

174 1957 313 2024 Graecae
328 1959 508 2043 tragoediae
529 1960 657 2024 minime
677 1961 821 2044 ignotam
837 1960 931 2025 luisse
953 1960 1138 2025 documento
1163 1956 1237 2022 sunt
1249 1957 1322 2020 Eur.

173 2060 236 2140 frg.
258 2059 318 2126 ino.
348 2059 429 2124 1027
453 2060 484 2124 et
505 2061 566 2143 lrg.
600 2061 702 2144 adesp.
724 2062 796 2139 462,
826 2061 907 2143 quod
936 2061 1029 2143 plane
1058 2061 1092 2124 in
1121 2057 1229 2122 eadem
1254 2074 1324 2120 san·

172 2159 276 2226 tentia
304 2159 425 2242 copiose
447 2160 614 2226 tractanda
633 2163 783 2227 versatur.
839 2161 942 2228 Simul
964 2160 1057 2226 velim
1085 2160 1118 2223 in
1141 2156 1324 2223 memoriam

173 2278 300 2326 revoces
334 2263 504 2326 meantes
536 2261 610 2326 huie
640 2262 700 2344 ipsi
733 2263 844 2345 prioris
865 2262 1029 2346 Hippolyti
1055 2262 1123 2327 loco
1150 2258 1323 2325 Phaedram

173 2361 243 2426 neci
260 2361 456 2427 uoluuntariae
478 2362 669 2445 praesentem
685 2365 716 2427 et
734 2364 881 2428 nuntium
896 2364 933 2428 de
947 2364 1013 2428 cius
1027 2364 1127 2428 morta
1142 2359 1323 2426 vindicasse.

174 2461 260 2543 Quid
275 2463 398 2546 igitur?
441 2462 615 2529 Phaedram
639 2463 780 2548 reginam
803 2464 985 2529 divitiarum
1002 2461 1202 2529 contubernio
1218 2459 1324 2542 volup

172 2564 257 2628 tates
283 2563 437 2628 excitante
465 2568 663 2647 corruptam³
683 2599 724 2616 —-
745 2565 840 2630 talem
864 2564 1039 2630 Phaedram
1061 2565 1194 2629 mortem
1215 2561 1324 2626 volun·

172 2663 289 2729 teriam
305 2664 498 2729 subituram⁴
521 2684 622 2731 nonne
639 2666 750 2731 chorus
771 2666 932 2748 aptissime
951 2664 1264 2747 contemplationibus
1287 2661 1324 2725 de

172 2763 311 2840 fortuna,
335 2783 414 2846 quae
434 2764 536 2830 minor
556 2765 589 2830 in
612 2767 717 2848 parvis
739 2766 833 2846 iurat,
867 2765 1127 2850 prosequeretur?
1170 2761 1323 2844 Computa

172 2863 277 2944 modo,
298 2883 360 2947 qua
382 2865 504 2931 ratione
516 2865 633 2932 Seneca
645 2865 799 2933 Graecum
814 2867 968 2949 exemplar
983 2867 1106 2931 secutus
1121 2864 1173 2943 (el.
1183 2863 1241 2929 heo
1253 2863 1274 2926 l.
1286 2861 1323 2940 l.)

173 2965 328 3031 nutricem
350 2966 495 3032 alumnae
514 2967 676 3033 libidinem
708 2969 920 3052 exagitantem
951 2968 1104 3050 proponat
1128 2987 1156 3032 r.
1179 2968 1241 3032 204
1262 2985 1322 3049 sq.:

324 3066 465 3150 quisquis
486 3068 627 3133 secundis
649 3071 739 3134 rebus
762 3069 896 3135 exsultat
917 3069 1009 3134 nimis

322 3168 453 3253 fluitdue
474 3171 559 3248 luxu,
582 3191 700 3254 semper
721 3172 849 3237 insolita
871 3172 999 3254 appetit.

325 3272 412 3336 Tunc
433 3271 489 3337 illa
511 3292 644 3356 magnae
665 3273 735 3339 dira
758 3274 902 3339 fortunae
925 3291 1026 3338 eomes

324 3372 408 3437 subit
427 3372 523 3438 libido
545 3392 571 3439 e.
594 3395 622 3458 q.
646 3393 670 3439 s.

276 3516 285 3546 ¹
305 3515 346 3570 Cf.
366 3515 431 3570 Heo.
451 3518 503 3570 488
521 3534 561 3587 sq.
579 3517 634 3589 irg.
655 3520 717 3587 288,
735 3520 797 3574 829.
819 3519 874 3574 Hie
886 3536 996 3588 quoque
1009 3517 1161 3573 Menander
1174 3517 1320 3586 Euripidis

176 3605 377 3658 aemulatorem
397 3621 426 3658 se
444 3605 617 3673 praestitisse
636 3606 762 3676 videtur3
779 3607 814 3662 ef.
833 3606 888 3678 lrg.
906 3609 967 3661 581.
991 3607 1028 3661 oi
1048 3605 1095 3674 1v‚
1114 3607 1175 3659 282.
1193 3604 1248 3676 frg.
1269 3607 1319 3658 771

174 3693 272 3745 -774.
301 3691 340 3745 Μ.
359 3692 402 3758 1V,
422 3694 483 3747 288.
504 3695 565 3747 289.

274 3781 285 3813 ²
302 3779 336 3834 V.
355 3782 371 3832 2
395 3801 433 3840 τις
458 3799 512 3836 om.
539 3782 615 3850 libri,
645 3801 672 3836 v.
692 3785 708 3836 8
728 3788 812 3850 κρίνει
833 3783 931 3838 Nauck
955 3783 1134 3838 scribendum
1154 3781 1319 3852 suspicatur,

172 3884 198 3922 v.
225 3867 241 3919 5
266 3885 307 3936 sq.
331 3864 391 3926 τοὺς
420 3868 476 3940 μὲν
497 3865 546 3924 ἀπ’
571 3875 654 3924 οἴκων
682 3876 902 3932 καταπίπτοντας
928 3873 983 3942 (vel
1010 3867 1229 3939 ἀποπίπτοντας)
1258 3863 1321 3938 ἄτερ

174 3955 241 4008 θεοῦ
261 3954 379 4010 coniecit
398 3956 510 4011 Gesner.

272 4044 283 4076 ³
302 4043 343 4096 Cf.
362 4041 417 4114 frg.
436 4046 501 4098 441:
522 4039 599 4114 ὕβριν
616 4063 644 4098 τε
662 4051 743 4100 τίκτει
762 4049 886 4112 πλοῦτος,
907 4044 938 4100 οδ
957 4046 1046 4120 φειδὼ
1066 4053 1127 4116 βίον
1145 4052 1174 4102 et
1192 4047 1245 4118 frg.
1258 4049 1319 4103 440.

174 4127 262 4184 Simul
280 4129 398 4186 Senecae
417 4136 445 4186 et
464 4131 559 4186 Ovidii
588 4135 734 4188 sententiis
753 4135 782 4188 in
806 4153 918 4190 censum
943 4137 1058 4205 vocatis,
1087 4137 1225 4204 quomodo
1253 4136 1322 4190 hacc

172 4218 263 4272 omnia
273 4224 372 4273 mutuo
385 4235 414 4272 se
426 4219 531 4274 lumine
544 4221 693 4292 insigniter
706 4222 855 4286 illustrent,
870 4223 927 4278 Leo
943 4224 962 4277 l.
974 4225 991 4277 l.
1001 4241 1028 4293 p.
1044 4227 1093 4278 174
1106 4243 1145 4295 sq.
1156 4225 1319 4279 enucleavit.

273 4307 341 4361 *Iis
368 4309 544 4376 computatis,
577 4327 648 4377 quae
675 4315 760 4364 antea
787 4311 939 4381 disputari,
970 4312 1092 4386 longiori
1119 4314 1228 4371 cantico
1256 4317 1321 4382 poet

177 4391 319 4450 Phaedrae
339 4400 459 4450 mortens
477 4400 559 4466 aptus
578 4398 655 4452 locus
674 4415 731 4452 non
750 4403 801 4454 est.
