<?xml version="1.0" encoding="UTF-8"?>
<!DOCTYPE html PUBLIC "-//W3C//DTD XHTML 1.0 Transitional//EN"
    "http://www.w3.org/TR/xhtml1/DTD/xhtml1-transitional.dtd">
<html xmlns="http://www.w3.org/1999/xhtml" xml:lang="en" lang="en">
 <head>
  <title>
</title>
<meta http-equiv="Content-Type" content="text/html;charset=utf-8" />
  <meta name='ocr-system' content='tesseract 3.04.00' />
  <meta name='ocr-capabilities' content='ocr_page ocr_carea ocr_par ocr_line ocrx_word'/>
</head>
<body>
  <div class='ocr_page' id='page_1' title='image "./dehippolytiseur00kalkgoog_0028.png"; bbox 0 0 3154 5076; ppageno 0'>
   <div class='ocr_carea' id='block_1_1' title="bbox 745 381 777 436">
    <p class='ocr_par' dir='ltr' id='par_1_1' title="bbox 745 381 777 436">
     <span class='ocr_line' id='line_1_1' title="bbox 745 381 777 436; baseline 0.094 -3"><span class='ocrx_word' id='word_1_1' title='bbox 745 381 777 436; x_wconf 79' lang='lat'>15</span> 
     </span>
    </p>
   </div>
   <div class='ocr_carea' id='block_1_2' title="bbox 174 550 1334 3371">
    <p class='ocr_par' dir='ltr' id='par_1_2' title="bbox 181 550 1334 1648">
     <span class='ocr_line' id='line_1_2' title="bbox 184 550 1334 640; baseline 0.003 -24"><span class='ocrx_word' id='word_1_2' title='bbox 184 550 219 636; x_wconf 95' lang='lat' dir='ltr'>(l.</span> <span class='ocrx_word' id='word_1_3' title='bbox 240 552 261 616; x_wconf 91' lang='lat' dir='ltr'>l.</span> <span class='ocrx_word' id='word_1_4' title='bbox 285 572 313 634; x_wconf 92' lang='lat' dir='ltr'>p.</span> <span class='ocrx_word' id='word_1_5' title='bbox 338 550 413 632; x_wconf 87' lang='grc'><strong>213)</strong></span> <span class='ocrx_word' id='word_1_6' title='bbox 440 551 473 616; x_wconf 93' lang='lat' dir='ltr'>hi</span> <span class='ocrx_word' id='word_1_7' title='bbox 498 570 604 617; x_wconf 85' lang='lat' dir='ltr'>uersus</span> <span class='ocrx_word' id='word_1_8' title='bbox 631 551 867 634; x_wconf 86' lang='lat' dir='ltr'>interpretandi.</span> <span class='ocrx_word' id='word_1_9' title='bbox 897 587 939 596; x_wconf 94' lang='lat'>-</span> <span class='ocrx_word' id='word_1_10' title='bbox 973 553 1042 618; x_wconf 91' lang='lat' dir='ltr'>Hoc</span> <span class='ocrx_word' id='word_1_11' title='bbox 1071 553 1139 620; x_wconf 92' lang='lat' dir='ltr'>loco</span> <span class='ocrx_word' id='word_1_12' title='bbox 1165 555 1334 640; x_wconf 79' lang='lat' dir='ltr'>paullisper</span> 
     </span>
     <span class='ocr_line' id='line_1_3' title="bbox 184 652 1332 737; baseline 0.003 -19"><span class='ocrx_word' id='word_1_13' title='bbox 184 653 292 737; x_wconf 90' lang='lat' dir='ltr'>pedem</span> <span class='ocrx_word' id='word_1_14' title='bbox 328 652 457 736; x_wconf 85' lang='lat' dir='ltr'>figentes</span> <span class='ocrx_word' id='word_1_15' title='bbox 491 652 791 734; x_wconf 74' lang='lat' dir='ltr'>circumspectemus.</span> <span class='ocrx_word' id='word_1_16' title='bbox 842 652 1003 718; x_wconf 82' lang='lat' dir='ltr'>Phaedrae</span> <span class='ocrx_word' id='word_1_17' title='bbox 1035 655 1183 720; x_wconf 86' lang='lat' dir='ltr'>virtutem</span> <span class='ocrx_word' id='word_1_18' title='bbox 1217 656 1332 736; x_wconf 90' lang='lat' dir='ltr'>labare,</span> 
     </span>
     <span class='ocr_line' id='line_1_4' title="bbox 185 752 1333 837; baseline 0.003 -19"><span class='ocrx_word' id='word_1_19' title='bbox 185 754 254 837; x_wconf 92' lang='lat' dir='ltr'>quis</span> <span class='ocrx_word' id='word_1_20' title='bbox 288 754 345 832; x_wconf 87' lang='lat' dir='ltr'>est,</span> <span class='ocrx_word' id='word_1_21' title='bbox 381 753 457 832; x_wconf 90' lang='lat' dir='ltr'>quin</span> <span class='ocrx_word' id='word_1_22' title='bbox 488 752 678 835; x_wconf 80' lang='lat' dir='ltr'>perspiciat?</span> <span class='ocrx_word' id='word_1_23' title='bbox 728 753 878 818; x_wconf 77' lang='lat' dir='ltr'><strong>Attamen</strong></span> <span class='ocrx_word' id='word_1_24' title='bbox 909 754 1002 818; x_wconf 91' lang='lat' dir='ltr'>minis</span> <span class='ocrx_word' id='word_1_25' title='bbox 1036 756 1100 819; x_wconf 89' lang='lat' dir='ltr'>suis</span> <span class='ocrx_word' id='word_1_26' title='bbox 1128 757 1208 820; x_wconf 88' lang='lat' dir='ltr'>nihil</span> <span class='ocrx_word' id='word_1_27' title='bbox 1235 757 1333 822; x_wconf 89' lang='lat' dir='ltr'>inter·</span> 
     </span>
     <span class='ocr_line' id='line_1_5' title="bbox 183 852 1333 940; baseline 0.003 -20"><span class='ocrx_word' id='word_1_28' title='bbox 183 853 320 932; x_wconf 81' lang='lat' dir='ltr'><strong>miscuit,</strong></span> <span class='ocrx_word' id='word_1_29' title='bbox 343 872 404 936; x_wconf 92' lang='lat' dir='ltr'>quo</span> <span class='ocrx_word' id='word_1_30' title='bbox 420 852 547 918; x_wconf 90' lang='lat' dir='ltr'>audacis</span> <span class='ocrx_word' id='word_1_31' title='bbox 561 853 713 918; x_wconf 82' lang='lat' dir='ltr'>consillia</span> <span class='ocrx_word' id='word_1_32' title='bbox 729 855 849 919; x_wconf 90' lang='lat' dir='ltr'>nutrice</span> <span class='ocrx_word' id='word_1_33' title='bbox 863 855 977 937; x_wconf 88' lang='lat' dir='ltr'>prolati</span> <span class='ocrx_word' id='word_1_34' title='bbox 992 857 1246 937; x_wconf 80' lang='lat' dir='ltr'>approbationem</span> <span class='ocrx_word' id='word_1_35' title='bbox 1261 876 1333 940; x_wconf 91' lang='lat' dir='ltr'>pro-</span> 
     </span>
     <span class='ocr_line' id='line_1_6' title="bbox 186 955 1332 1042; baseline 0.003 -22"><span class='ocrx_word' id='word_1_36' title='bbox 186 957 281 1021; x_wconf 91' lang='lat' dir='ltr'>deret.</span> <span class='ocrx_word' id='word_1_37' title='bbox 326 955 441 1020; x_wconf 84' lang='lat' dir='ltr'>Nutrix</span> <span class='ocrx_word' id='word_1_38' title='bbox 462 955 571 1037; x_wconf 86' lang='lat' dir='ltr'>igitur,</span> <span class='ocrx_word' id='word_1_39' title='bbox 605 955 632 1019; x_wconf 90' lang='lat' dir='ltr'>si</span> <span class='ocrx_word' id='word_1_40' title='bbox 657 955 774 1021; x_wconf 90' lang='lat' dir='ltr'>iustam</span> <span class='ocrx_word' id='word_1_41' title='bbox 796 957 960 1020; x_wconf 87' lang='lat' dir='ltr'>victoriam</span> <span class='ocrx_word' id='word_1_42' title='bbox 991 959 1146 1038; x_wconf 88' lang='lat' dir='ltr'>reportare</span> <span class='ocrx_word' id='word_1_43' title='bbox 1166 959 1245 1035; x_wconf 84' lang='lat' dir='ltr'>vult,</span> <span class='ocrx_word' id='word_1_44' title='bbox 1278 978 1332 1042; x_wconf 93' lang='lat' dir='ltr'>op·</span> 
     </span>
     <span class='ocr_line' id='line_1_7' title="bbox 186 1056 1333 1142; baseline 0.002 -21"><span class='ocrx_word' id='word_1_45' title='bbox 186 1056 410 1140; x_wconf 85' lang='lat' dir='ltr'>pugnationem</span> <span class='ocrx_word' id='word_1_46' title='bbox 434 1058 542 1139; x_wconf 90' lang='lat' dir='ltr'>aperta</span> <span class='ocrx_word' id='word_1_47' title='bbox 562 1056 683 1121; x_wconf 91' lang='lat' dir='ltr'>ratione</span> <span class='ocrx_word' id='word_1_48' title='bbox 698 1057 877 1122; x_wconf 89' lang='lat' dir='ltr'>institutam</span> <span class='ocrx_word' id='word_1_49' title='bbox 902 1057 1060 1122; x_wconf 71' lang='lat' dir='ltr'>dimittere</span> <span class='ocrx_word' id='word_1_50' title='bbox 1081 1059 1112 1122; x_wconf 90' lang='lat' dir='ltr'>et</span> <span class='ocrx_word' id='word_1_51' title='bbox 1134 1077 1215 1123; x_wconf 83' lang='lat' dir='ltr'>nova</span> <span class='ocrx_word' id='word_1_52' title='bbox 1237 1078 1333 1142; x_wconf 88' lang='lat' dir='ltr'>eaque</span> 
     </span>
     <span class='ocr_line' id='line_1_8' title="bbox 181 1156 1331 1240; baseline 0 -16"><span class='ocrx_word' id='word_1_53' title='bbox 181 1159 420 1226; x_wconf 87' lang='lat' dir='ltr'>simulationum</span> <span class='ocrx_word' id='word_1_54' title='bbox 441 1156 610 1221; x_wconf 87' lang='lat' dir='ltr'>involucris</span> <span class='ocrx_word' id='word_1_55' title='bbox 629 1157 713 1222; x_wconf 92' lang='lat' dir='ltr'>tecta</span> <span class='ocrx_word' id='word_1_56' title='bbox 734 1157 872 1224; x_wconf 87' lang='lat' dir='ltr'>subsidia</span> <span class='ocrx_word' id='word_1_57' title='bbox 894 1158 1127 1240; x_wconf 80' lang='lat' dir='ltr'>circumspicere</span> <span class='ocrx_word' id='word_1_58' title='bbox 1147 1158 1246 1225; x_wconf 90' lang='lat' dir='ltr'>debet.</span> <span class='ocrx_word' id='word_1_59' title='bbox 1280 1159 1331 1226; x_wconf 86' lang='lat' dir='ltr'>Si-</span> 
     </span>
     <span class='ocr_line' id='line_1_9' title="bbox 181 1257 1329 1342; baseline 0.001 -18"><span class='ocrx_word' id='word_1_60' title='bbox 181 1261 299 1325; x_wconf 91' lang='lat' dir='ltr'>mulate</span> <span class='ocrx_word' id='word_1_61' title='bbox 320 1258 531 1325; x_wconf 89' lang='lat' dir='ltr'>assentabitnr</span> <span class='ocrx_word' id='word_1_62' title='bbox 553 1257 583 1321; x_wconf 91' lang='lat' dir='ltr'>et</span> <span class='ocrx_word' id='word_1_63' title='bbox 605 1259 697 1322; x_wconf 87' lang='lat' dir='ltr'>missa</span> <span class='ocrx_word' id='word_1_64' title='bbox 721 1259 828 1339; x_wconf 83' lang='lat' dir='ltr'>faciet,</span> <span class='ocrx_word' id='word_1_65' title='bbox 847 1279 926 1342; x_wconf 90' lang='lat' dir='ltr'>qnae</span> <span class='ocrx_word' id='word_1_66' title='bbox 947 1259 1055 1338; x_wconf 91' lang='lat' dir='ltr'>suasit,</span> <span class='ocrx_word' id='word_1_67' title='bbox 1079 1259 1178 1324; x_wconf 91' lang='lat' dir='ltr'>altero</span> <span class='ocrx_word' id='word_1_68' title='bbox 1201 1260 1329 1326; x_wconf 91' lang='lat' dir='ltr'>consilio</span> 
     </span>
     <span class='ocr_line' id='line_1_10' title="bbox 182 1358 1328 1443; baseline 0.002 -19"><span class='ocrx_word' id='word_1_69' title='bbox 182 1379 324 1443; x_wconf 83' lang='lat' dir='ltr'>novaque</span> <span class='ocrx_word' id='word_1_70' title='bbox 351 1358 531 1425; x_wconf 88' lang='lat' dir='ltr'>condicione</span> <span class='ocrx_word' id='word_1_71' title='bbox 563 1378 646 1424; x_wconf 90' lang='lat' dir='ltr'>eram</span> <span class='ocrx_word' id='word_1_72' title='bbox 677 1361 826 1443; x_wconf 83' lang='lat' dir='ltr'>religione</span> <span class='ocrx_word' id='word_1_73' title='bbox 853 1361 1036 1443; x_wconf 86' lang='lat' dir='ltr'>impeditam</span> <span class='ocrx_word' id='word_1_74' title='bbox 1063 1361 1165 1426; x_wconf 85' lang='lat' dir='ltr'>leuare</span> <span class='ocrx_word' id='word_1_75' title='bbox 1192 1362 1328 1426; x_wconf 90' lang='lat' dir='ltr'>studens.</span> 
     </span>
     <span class='ocr_line' id='line_1_11' title="bbox 182 1461 800 1544; baseline 0 -18"><span class='ocrx_word' id='word_1_76' title='bbox 182 1461 280 1527; x_wconf 82' lang='lat' dir='ltr'>Caute</span> <span class='ocrx_word' id='word_1_77' title='bbox 301 1461 400 1544; x_wconf 85' lang='lat' dir='ltr'>igitur</span> <span class='ocrx_word' id='word_1_78' title='bbox 422 1461 468 1525; x_wconf 89' lang='lat' dir='ltr'>ita</span> <span class='ocrx_word' id='word_1_79' title='bbox 491 1461 650 1542; x_wconf 86' lang='lat' dir='ltr'>praefatur</span> <span class='ocrx_word' id='word_1_80' title='bbox 671 1481 700 1527; x_wconf 85' lang='lat' dir='ltr'>v.</span> <span class='ocrx_word' id='word_1_81' title='bbox 723 1463 800 1527; x_wconf 83' lang='lat'><strong>507:</strong></span> 
     </span>
     <span class='ocr_line' id='line_1_12' title="bbox 329 1551 1159 1648; baseline 0.002 -22"><span class='ocrx_word' id='word_1_82' title='bbox 329 1554 548 1626; x_wconf 63' lang='lat' dir='ltr'>cicatricosi</span> <span class='ocrx_word' id='word_1_83' title='bbox 571 1583 634 1640; x_wconf 87' lang='grc' dir='ltr'><em>σοι,</em></span> <span class='ocrx_word' id='word_1_84' title='bbox 657 1557 716 1648; x_wconf 76' lang='grc' dir='ltr'>χρὴ</span> <span class='ocrx_word' id='word_1_85' title='bbox 737 1561 797 1645; x_wconf 82' lang='grc' dir='ltr'>μὲν</span> <span class='ocrx_word' id='word_1_86' title='bbox 819 1551 858 1626; x_wconf 81' lang='lat' dir='ltr'>ob&#39;</span> <span class='ocrx_word' id='word_1_87' title='bbox 880 1561 908 1628; x_wconf 85' lang='lat' dir='ltr'>o&#39;</span> <span class='ocrx_word' id='word_1_88' title='bbox 932 1555 1129 1645; x_wconf 78' lang='grc' dir='ltr'><em>ἁμαρτάνειν</em></span> <span class='ocrx_word' id='word_1_89' title='bbox 1139 1564 1159 1628; x_wconf 92' lang='lat'>¹.</span> 
     </span>
    </p>

    <p class='ocr_par' dir='ltr' id='par_1_3' title="bbox 177 1663 1329 2438">
     <span class='ocr_line' id='line_1_13' title="bbox 180 1663 1327 1751; baseline 0.003 -23"><span class='ocrx_word' id='word_1_90' title='bbox 180 1663 248 1745; x_wconf 81' lang='lat' dir='ltr'>Quo</span> <span class='ocrx_word' id='word_1_91' title='bbox 265 1681 354 1728; x_wconf 84' lang='lat' dir='ltr'>versu</span> <span class='ocrx_word' id='word_1_92' title='bbox 370 1664 424 1746; x_wconf 90' lang='lat' dir='ltr'>qui</span> <span class='ocrx_word' id='word_1_93' title='bbox 439 1664 517 1751; x_wconf 81' lang='grc' dir='ltr'><em>χρῆν</em></span> <span class='ocrx_word' id='word_1_94' title='bbox 533 1664 670 1744; x_wconf 89' lang='lat' dir='ltr'>tuentur,</span> <span class='ocrx_word' id='word_1_95' title='bbox 693 1665 785 1729; x_wconf 90' lang='lat' dir='ltr'>huius</span> <span class='ocrx_word' id='word_1_96' title='bbox 800 1665 931 1730; x_wconf 87' lang='lat' dir='ltr'>diverbii</span> <span class='ocrx_word' id='word_1_97' title='bbox 946 1665 1119 1731; x_wconf 88' lang='lat' dir='ltr'>rationibus</span> <span class='ocrx_word' id='word_1_98' title='bbox 1135 1666 1220 1731; x_wconf 91' lang='lat' dir='ltr'>nullo</span> <span class='ocrx_word' id='word_1_99' title='bbox 1237 1666 1327 1732; x_wconf 88' lang='lat' dir='ltr'>modo</span> 
     </span>
     <span class='ocr_line' id='line_1_14' title="bbox 179 1765 1329 1849; baseline 0.003 -20"><span class='ocrx_word' id='word_1_100' title='bbox 179 1765 387 1842; x_wconf 86' lang='lat' dir='ltr'>satisfaciunt,</span> <span class='ocrx_word' id='word_1_101' title='bbox 417 1784 491 1829; x_wconf 92' lang='lat' dir='ltr'>nam</span> <span class='ocrx_word' id='word_1_102' title='bbox 520 1765 608 1830; x_wconf 88' lang='lat' dir='ltr'>nouis</span> <span class='ocrx_word' id='word_1_103' title='bbox 635 1765 771 1830; x_wconf 90' lang='lat' dir='ltr'>consiliis</span> <span class='ocrx_word' id='word_1_104' title='bbox 797 1766 861 1831; x_wconf 91' lang='lat' dir='ltr'>tale</span> <span class='ocrx_word' id='word_1_105' title='bbox 887 1767 1076 1848; x_wconf 89' lang='lat' dir='ltr'>prooemium</span> <span class='ocrx_word' id='word_1_106' title='bbox 1106 1785 1216 1849; x_wconf 92' lang='lat' dir='ltr'>parum</span> <span class='ocrx_word' id='word_1_107' title='bbox 1238 1769 1329 1833; x_wconf 93' lang='lat' dir='ltr'>cante</span> 
     </span>
     <span class='ocr_line' id='line_1_15' title="bbox 179 1866 1327 1948; baseline 0.003 -18"><span class='ocrx_word' id='word_1_108' title='bbox 179 1867 444 1948; x_wconf 85' lang='lat' dir='ltr'>praemitteretur;</span> <span class='ocrx_word' id='word_1_109' title='bbox 466 1866 578 1930; x_wconf 86' lang='lat' dir='ltr'>stolide</span> <span class='ocrx_word' id='word_1_110' title='bbox 599 1866 724 1947; x_wconf 91' lang='lat' dir='ltr'>insuper</span> <span class='ocrx_word' id='word_1_111' title='bbox 743 1867 849 1930; x_wconf 83' lang='lat' dir='ltr'>nutrix</span> <span class='ocrx_word' id='word_1_112' title='bbox 864 1867 970 1932; x_wconf 88' lang='lat' dir='ltr'>delicti</span> <span class='ocrx_word' id='word_1_113' title='bbox 986 1867 1173 1932; x_wconf 88' lang='lat' dir='ltr'>mentionem</span> <span class='ocrx_word' id='word_1_114' title='bbox 1188 1868 1327 1934; x_wconf 87' lang='lat' dir='ltr'>hocloco</span> 
     </span>
     <span class='ocr_line' id='line_1_16' title="bbox 178 1956 1328 2050; baseline 0.001 -17"><span class='ocrx_word' id='word_1_115' title='bbox 178 1968 316 2046; x_wconf 86' lang='lat' dir='ltr'>iniceret,</span> <span class='ocrx_word' id='word_1_116' title='bbox 351 1967 404 2032; x_wconf 91' lang='lat' dir='ltr'>nbi</span> <span class='ocrx_word' id='word_1_117' title='bbox 438 1967 557 2049; x_wconf 90' lang='lat' dir='ltr'>aliquid</span> <span class='ocrx_word' id='word_1_118' title='bbox 579 1968 818 2049; x_wconf 90' lang='lat' dir='ltr'>perpetrandum</span> <span class='ocrx_word' id='word_1_119' title='bbox 851 1969 962 2033; x_wconf 88' lang='lat' dir='ltr'>suadet</span> <span class='ocrx_word' id='word_1_120' title='bbox 994 1956 1062 2031; x_wconf 67' lang='grc' dir='ltr'>οὔτ’</span> <span class='ocrx_word' id='word_1_121' title='bbox 1095 1966 1148 2032; x_wconf 77' lang='grc' dir='ltr'>ἐπ’</span> <span class='ocrx_word' id='word_1_122' title='bbox 1180 1964 1328 2050; x_wconf 83' lang='grc' dir='ltr'><strong><em>αἰσχροῖς</em></strong></span> 
     </span>
     <span class='ocr_line' id='line_1_17' title="bbox 179 2056 1326 2156; baseline 0.002 -24"><span class='ocrx_word' id='word_1_123' title='bbox 179 2056 246 2132; x_wconf 70' lang='grc' dir='ltr'>οὔτ’</span> <span class='ocrx_word' id='word_1_124' title='bbox 280 2065 336 2133; x_wconf 80' lang='grc' dir='ltr'>ἐπὶ</span> <span class='ocrx_word' id='word_1_125' title='bbox 367 2061 471 2156; x_wconf 64' lang='grc' dir='ltr'><strong><em>βλάβῃ</em></strong></span> <span class='ocrx_word' id='word_1_126' title='bbox 508 2067 638 2153; x_wconf 77' lang='grc' dir='ltr'><em>φρενῶν</em></span> <span class='ocrx_word' id='word_1_127' title='bbox 670 2087 699 2134; x_wconf 82' lang='grc' dir='ltr'>ν.</span> <span class='ocrx_word' id='word_1_128' title='bbox 734 2069 812 2145; x_wconf 85' lang='grc'>511;</span> <span class='ocrx_word' id='word_1_129' title='bbox 851 2069 1042 2134; x_wconf 88' lang='lat' dir='ltr'>contrarium</span> <span class='ocrx_word' id='word_1_130' title='bbox 1074 2072 1326 2152; x_wconf 82' lang='lat' dir='ltr'>exspectaremus.</span> 
     </span>
     <span class='ocr_line' id='line_1_18' title="bbox 179 2170 1328 2255; baseline 0.003 -21"><span class='ocrx_word' id='word_1_131' title='bbox 179 2170 382 2253; x_wconf 83' lang='lat' dir='ltr'>Repugnaret</span> <span class='ocrx_word' id='word_1_132' title='bbox 403 2171 535 2255; x_wconf 91' lang='lat' dir='ltr'>denique</span> <span class='ocrx_word' id='word_1_133' title='bbox 557 2171 613 2237; x_wconf 90' lang='lat' dir='ltr'>illa</span> <span class='ocrx_word' id='word_1_134' title='bbox 637 2171 743 2252; x_wconf 90' lang='lat' dir='ltr'>aperte</span> <span class='ocrx_word' id='word_1_135' title='bbox 758 2171 912 2253; x_wconf 87' lang='lat' dir='ltr'>prioribus</span> <span class='ocrx_word' id='word_1_136' title='bbox 928 2170 1206 2250; x_wconf 86' lang='lat' dir='ltr'>adhortationibus,</span> <span class='ocrx_word' id='word_1_137' title='bbox 1230 2172 1256 2236; x_wconf 91' lang='lat' dir='ltr'>si</span> <span class='ocrx_word' id='word_1_138' title='bbox 1270 2172 1328 2237; x_wconf 95' lang='lat' dir='ltr'>hoc</span> 
     </span>
     <span class='ocr_line' id='line_1_19' title="bbox 177 2271 1327 2355; baseline 0.004 -20"><span class='ocrx_word' id='word_1_139' title='bbox 177 2271 245 2336; x_wconf 90' lang='lat' dir='ltr'>loeo</span> <span class='ocrx_word' id='word_1_140' title='bbox 269 2273 315 2336; x_wconf 88' lang='lat' dir='ltr'>ita</span> <span class='ocrx_word' id='word_1_141' title='bbox 338 2272 525 2355; x_wconf 89' lang='lat' dir='ltr'>loqueretur,</span> <span class='ocrx_word' id='word_1_142' title='bbox 559 2274 711 2355; x_wconf 88' lang='lat' dir='ltr'>tanquam</span> <span class='ocrx_word' id='word_1_143' title='bbox 739 2272 879 2338; x_wconf 89' lang='lat' dir='ltr'>Phaedra</span> <span class='ocrx_word' id='word_1_144' title='bbox 912 2272 1021 2355; x_wconf 90' lang='lat' dir='ltr'>sponte</span> <span class='ocrx_word' id='word_1_145' title='bbox 1056 2272 1180 2338; x_wconf 87' lang='lat' dir='ltr'>libidini</span> <span class='ocrx_word' id='word_1_146' title='bbox 1216 2292 1327 2340; x_wconf 88' lang='lat' dir='ltr'>manus</span> 
     </span>
     <span class='ocr_line' id='line_1_20' title="bbox 177 2373 321 2438; baseline 0.007 -1"><span class='ocrx_word' id='word_1_147' title='bbox 177 2373 321 2438; x_wconf 89' lang='lat' dir='ltr'>dedisset.</span> 
     </span>
    </p>

    <p class='ocr_par' dir='ltr' id='par_1_4' title="bbox 174 2474 1327 3371">
     <span class='ocr_line' id='line_1_21' title="bbox 276 2474 1327 2560; baseline 0.003 -20"><span class='ocrx_word' id='word_1_148' title='bbox 276 2474 426 2558; x_wconf 82' lang='lat' dir='ltr'>Sequitur</span> <span class='ocrx_word' id='word_1_149' title='bbox 442 2475 603 2542; x_wconf 90' lang='lat' dir='ltr'>cniusdam</span> <span class='ocrx_word' id='word_1_150' title='bbox 618 2475 746 2540; x_wconf 86' lang='lat' dir='ltr'>remedii</span> <span class='ocrx_word' id='word_1_151' title='bbox 761 2475 931 2555; x_wconf 88' lang='lat' dir='ltr'>simulatio,</span> <span class='ocrx_word' id='word_1_152' title='bbox 956 2496 1142 2560; x_wconf 86' lang='lat' dir='ltr'>quaequam</span> <span class='ocrx_word' id='word_1_153' title='bbox 1160 2477 1327 2543; x_wconf 87' lang='lat' dir='ltr'>artificiose</span> 
     </span>
     <span class='ocr_line' id='line_1_22' title="bbox 178 2576 1326 2660; baseline -0.002 -16"><span class='ocrx_word' id='word_1_154' title='bbox 178 2576 308 2660; x_wconf 85' lang='lat' dir='ltr'>aposta</span> <span class='ocrx_word' id='word_1_155' title='bbox 330 2577 478 2642; x_wconf 90' lang='lat' dir='ltr'>instituta</span> <span class='ocrx_word' id='word_1_156' title='bbox 500 2577 550 2655; x_wconf 87' lang='lat' dir='ltr'>sit,</span> <span class='ocrx_word' id='word_1_157' title='bbox 583 2577 677 2642; x_wconf 88' lang='lat' dir='ltr'>velim</span> <span class='ocrx_word' id='word_1_158' title='bbox 708 2578 851 2659; x_wconf 88' lang='lat' dir='ltr'>inprimis</span> <span class='ocrx_word' id='word_1_159' title='bbox 883 2578 1034 2652; x_wconf 85' lang='lat' dir='ltr'>observes,</span> <span class='ocrx_word' id='word_1_160' title='bbox 1068 2597 1106 2643; x_wconf 89' lang='lat' dir='ltr'>ne</span> <span class='ocrx_word' id='word_1_161' title='bbox 1132 2579 1163 2643; x_wconf 92' lang='lat' dir='ltr'>te</span> <span class='ocrx_word' id='word_1_162' title='bbox 1185 2578 1326 2644; x_wconf 91' lang='lat' dir='ltr'>occultus</span> 
     </span>
     <span class='ocr_line' id='line_1_23' title="bbox 176 2677 1326 2760; baseline 0.001 -18"><span class='ocrx_word' id='word_1_163' title='bbox 176 2677 274 2742; x_wconf 85' lang='lat' dir='ltr'>totins</span> <span class='ocrx_word' id='word_1_164' title='bbox 303 2695 430 2742; x_wconf 86' lang='lat' dir='ltr'>scaenae</span> <span class='ocrx_word' id='word_1_165' title='bbox 458 2696 563 2741; x_wconf 90' lang='lat' dir='ltr'>sensns</span> <span class='ocrx_word' id='word_1_166' title='bbox 591 2677 704 2760; x_wconf 87' lang='lat' dir='ltr'>fugiat.</span> <span class='ocrx_word' id='word_1_167' title='bbox 749 2677 865 2742; x_wconf 85' lang='lat' dir='ltr'>Nutrix</span> <span class='ocrx_word' id='word_1_168' title='bbox 890 2679 971 2743; x_wconf 89' lang='lat' dir='ltr'>enim</span> <span class='ocrx_word' id='word_1_169' title='bbox 996 2680 1073 2745; x_wconf 91' lang='lat' dir='ltr'>haec</span> <span class='ocrx_word' id='word_1_170' title='bbox 1098 2681 1202 2744; x_wconf 91' lang='lat' dir='ltr'>omnia</span> <span class='ocrx_word' id='word_1_171' title='bbox 1225 2680 1271 2744; x_wconf 90' lang='lat' dir='ltr'>ita</span> <span class='ocrx_word' id='word_1_172' title='bbox 1292 2679 1326 2743; x_wconf 92' lang='lat' dir='ltr'>in</span> 
     </span>
     <span class='ocr_line' id='line_1_24' title="bbox 178 2777 1325 2862; baseline 0.003 -20"><span class='ocrx_word' id='word_1_173' title='bbox 178 2779 359 2860; x_wconf 82' lang='lat' dir='ltr'>ambiguum</span> <span class='ocrx_word' id='word_1_174' title='bbox 381 2777 550 2860; x_wconf 62' lang='lat' dir='ltr'>implicem,</span> <span class='ocrx_word' id='word_1_175' title='bbox 583 2778 619 2843; x_wconf 95' lang='lat' dir='ltr'>ut</span> <span class='ocrx_word' id='word_1_176' title='bbox 639 2779 780 2862; x_wconf 85' lang='lat' dir='ltr'>intellegi</span> <span class='ocrx_word' id='word_1_177' title='bbox 803 2779 922 2862; x_wconf 91' lang='lat' dir='ltr'>possint</span> <span class='ocrx_word' id='word_1_178' title='bbox 943 2781 973 2845; x_wconf 94' lang='lat' dir='ltr'>et</span> <span class='ocrx_word' id='word_1_179' title='bbox 994 2781 1135 2862; x_wconf 88' lang='lat' dir='ltr'>magicae</span> <span class='ocrx_word' id='word_1_180' title='bbox 1153 2781 1325 2860; x_wconf 86' lang='lat' dir='ltr'>illecebrae,</span> 
     </span>
     <span class='ocr_line' id='line_1_25' title="bbox 177 2879 1325 2963; baseline 0.001 -20"><span class='ocrx_word' id='word_1_181' title='bbox 177 2879 289 2961; x_wconf 89' lang='lat' dir='ltr'>quihus</span> <span class='ocrx_word' id='word_1_182' title='bbox 311 2879 499 2962; x_wconf 87' lang='lat' dir='ltr'>Hippolytus</span> <span class='ocrx_word' id='word_1_183' title='bbox 521 2879 560 2944; x_wconf 92' lang='lat' dir='ltr'>ad</span> <span class='ocrx_word' id='word_1_184' title='bbox 584 2880 818 2963; x_wconf 88' lang='lat' dir='ltr'>concipiendum</span> <span class='ocrx_word' id='word_1_185' title='bbox 835 2881 869 2944; x_wconf 90' lang='lat' dir='ltr'>in</span> <span class='ocrx_word' id='word_1_186' title='bbox 890 2899 1053 2946; x_wconf 91' lang='lat' dir='ltr'>novercam</span> <span class='ocrx_word' id='word_1_187' title='bbox 1076 2901 1213 2946; x_wconf 87' lang='lat' dir='ltr'>amorem</span> <span class='ocrx_word' id='word_1_188' title='bbox 1228 2882 1325 2962; x_wconf 89' lang='lat' dir='ltr'>possit</span> 
     </span>
     <span class='ocr_line' id='line_1_26' title="bbox 175 2979 1326 3065; baseline 0.001 -21"><span class='ocrx_word' id='word_1_189' title='bbox 175 2979 323 3045; x_wconf 86' lang='lat' dir='ltr'>fascinari</span> <span class='ocrx_word' id='word_1_190' title='bbox 357 2985 388 3044; x_wconf 91' lang='lat' dir='ltr'>et</span> <span class='ocrx_word' id='word_1_191' title='bbox 422 2980 557 3045; x_wconf 87' lang='lat' dir='ltr'>remedia</span> <span class='ocrx_word' id='word_1_192' title='bbox 585 2981 625 3045; x_wconf 92' lang='lat' dir='ltr'>ad</span> <span class='ocrx_word' id='word_1_193' title='bbox 654 2981 813 3046; x_wconf 89' lang='lat' dir='ltr'>Phaedrae</span> <span class='ocrx_word' id='word_1_194' title='bbox 835 2999 972 3046; x_wconf 89' lang='lat' dir='ltr'>amorem</span> <span class='ocrx_word' id='word_1_195' title='bbox 996 2982 1200 3065; x_wconf 89' lang='lat' dir='ltr'>morbumque</span> <span class='ocrx_word' id='word_1_196' title='bbox 1222 2981 1326 3064; x_wconf 91' lang='lat' dir='ltr'>depel-</span> 
     </span>
     <span class='ocr_line' id='line_1_27' title="bbox 174 3079 1323 3163; baseline 0.003 -19"><span class='ocrx_word' id='word_1_197' title='bbox 174 3080 311 3145; x_wconf 91' lang='lat' dir='ltr'>lendum.</span> <span class='ocrx_word' id='word_1_198' title='bbox 356 3079 438 3144; x_wconf 89' lang='lat' dir='ltr'>Nam</span> <span class='ocrx_word' id='word_1_199' title='bbox 469 3080 586 3163; x_wconf 92' lang='lat' dir='ltr'>philtra</span> <span class='ocrx_word' id='word_1_200' title='bbox 620 3099 681 3146; x_wconf 91' lang='lat' dir='ltr'>uon</span> <span class='ocrx_word' id='word_1_201' title='bbox 712 3081 813 3146; x_wconf 89' lang='lat' dir='ltr'>solum</span> <span class='ocrx_word' id='word_1_202' title='bbox 846 3083 886 3148; x_wconf 90' lang='lat' dir='ltr'>ad</span> <span class='ocrx_word' id='word_1_203' title='bbox 922 3081 1147 3148; x_wconf 90' lang='lat' dir='ltr'>incendendum</span> <span class='ocrx_word' id='word_1_204' title='bbox 1177 3101 1323 3160; x_wconf 90' lang='lat' dir='ltr'>amorem,</span> 
     </span>
     <span class='ocr_line' id='line_1_28' title="bbox 175 3181 1324 3266; baseline 0.003 -20"><span class='ocrx_word' id='word_1_205' title='bbox 175 3200 283 3246; x_wconf 85' lang='lat' dir='ltr'>uerum</span> <span class='ocrx_word' id='word_1_206' title='bbox 313 3181 408 3246; x_wconf 91' lang='lat' dir='ltr'>etiam</span> <span class='ocrx_word' id='word_1_207' title='bbox 441 3181 480 3246; x_wconf 93' lang='lat' dir='ltr'>ad</span> <span class='ocrx_word' id='word_1_208' title='bbox 513 3181 695 3247; x_wconf 87' lang='lat' dir='ltr'>solvendum</span> <span class='ocrx_word' id='word_1_209' title='bbox 728 3203 746 3248; x_wconf 92' lang='lat' dir='ltr'>a</span> <span class='ocrx_word' id='word_1_210' title='bbox 779 3184 863 3266; x_wconf 84' lang='lat' dir='ltr'>sagis</span> <span class='ocrx_word' id='word_1_211' title='bbox 891 3181 1033 3265; x_wconf 90' lang='lat' dir='ltr'>componi</span> <span class='ocrx_word' id='word_1_212' title='bbox 1056 3184 1264 3265; x_wconf 88' lang='lat' dir='ltr'>putabantnr;</span> <span class='ocrx_word' id='word_1_213' title='bbox 1287 3183 1324 3250; x_wconf 85' lang='lat' dir='ltr'>do</span> 
     </span>
     <span class='ocr_line' id='line_1_29' title="bbox 174 3278 1324 3371; baseline 0.002 -25"><span class='ocrx_word' id='word_1_214' title='bbox 174 3301 237 3364; x_wconf 89' lang='lat' dir='ltr'>qua</span> <span class='ocrx_word' id='word_1_215' title='bbox 258 3301 292 3347; x_wconf 91' lang='lat' dir='ltr'>re</span> <span class='ocrx_word' id='word_1_216' title='bbox 311 3282 447 3348; x_wconf 82' lang='lat' dir='ltr'>statim³.</span> <span class='ocrx_word' id='word_1_217' title='bbox 492 3283 630 3348; x_wconf 83' lang='lat' dir='ltr'>Additur</span> <span class='ocrx_word' id='word_1_218' title='bbox 652 3285 757 3349; x_wconf 91' lang='lat' dir='ltr'>autem</span> <span class='ocrx_word' id='word_1_219' title='bbox 780 3286 890 3350; x_wconf 85' lang='lat' dir='ltr'>rocula</span> <span class='ocrx_word' id='word_1_220' title='bbox 912 3278 1091 3371; x_wconf 75' lang='grc' dir='ltr'><strong><em>θελκτήρια</em></strong></span> <span class='ocrx_word' id='word_1_221' title='bbox 1113 3304 1141 3350; x_wconf 85' lang='lat' dir='ltr'>v.</span> <span class='ocrx_word' id='word_1_222' title='bbox 1165 3284 1324 3350; x_wconf 78' lang='lat' dir='ltr'>socratis</span> 
     </span>
    </p>
   </div>
   <div class='ocr_carea' id='block_1_3' title="bbox 170 3517 1323 4482">
    <p class='ocr_par' dir='ltr' id='par_1_5' title="bbox 171 3517 1323 4120">
     <span class='ocr_line' id='line_1_30' title="bbox 275 3517 1323 3592; baseline 0.004 -20"><span class='ocrx_word' id='word_1_223' title='bbox 275 3518 284 3550; x_wconf 87' lang='lat'>¹</span> <span class='ocrx_word' id='word_1_224' title='bbox 305 3518 348 3572; x_wconf 89' lang='lat' dir='ltr'>Ita</span> <span class='ocrx_word' id='word_1_225' title='bbox 366 3517 413 3573; x_wconf 89' lang='lat' dir='ltr'>hic</span> <span class='ocrx_word' id='word_1_226' title='bbox 431 3537 527 3573; x_wconf 86' lang='lat' dir='ltr'>versus</span> <span class='ocrx_word' id='word_1_227' title='bbox 546 3520 602 3573; x_wconf 84' lang='lat' dir='ltr'>iam</span> <span class='ocrx_word' id='word_1_228' title='bbox 620 3519 650 3572; x_wconf 90' lang='lat' dir='ltr'>in</span> <span class='ocrx_word' id='word_1_229' title='bbox 659 3519 807 3574; x_wconf 88' lang='lat' dir='ltr'>Bartholdi</span> <span class='ocrx_word' id='word_1_230' title='bbox 821 3520 943 3575; x_wconf 90' lang='lat' dir='ltr'>editione</span> <span class='ocrx_word' id='word_1_231' title='bbox 962 3521 1075 3591; x_wconf 85' lang='lat' dir='ltr'>legitur,</span> <span class='ocrx_word' id='word_1_232' title='bbox 1095 3522 1143 3590; x_wconf 88' lang='lat' dir='ltr'>qui</span> <span class='ocrx_word' id='word_1_233' title='bbox 1156 3526 1323 3592; x_wconf 85' lang='lat' dir='ltr'>argumenta</span> 
     </span>
     <span class='ocr_line' id='line_1_31' title="bbox 174 3607 1322 3681; baseline 0.007 -22"><span class='ocrx_word' id='word_1_234' title='bbox 174 3607 326 3661; x_wconf 87' lang='lat' dir='ltr'>cumulavit</span> <span class='ocrx_word' id='word_1_235' title='bbox 349 3607 402 3661; x_wconf 92' lang='lat' dir='ltr'>Rh.</span> <span class='ocrx_word' id='word_1_236' title='bbox 425 3608 495 3662; x_wconf 88' lang='lat' dir='ltr'>Mus.</span> <span class='ocrx_word' id='word_1_237' title='bbox 515 3607 608 3662; x_wconf 87' lang='lat' dir='ltr'>XXXI</span> <span class='ocrx_word' id='word_1_238' title='bbox 627 3626 654 3678; x_wconf 92' lang='lat' dir='ltr'>p.</span> <span class='ocrx_word' id='word_1_239' title='bbox 675 3610 727 3661; x_wconf 81' lang='lat'>334</span> <span class='ocrx_word' id='word_1_240' title='bbox 746 3628 763 3663; x_wconf 89' lang='lat' dir='ltr'>a</span> <span class='ocrx_word' id='word_1_241' title='bbox 782 3609 929 3664; x_wconf 90' lang='lat' dir='ltr'>Wheelero</span> <span class='ocrx_word' id='word_1_242' title='bbox 957 3609 988 3679; x_wconf 83' lang='lat' dir='ltr'>(l.</span> <span class='ocrx_word' id='word_1_243' title='bbox 1011 3610 1029 3663; x_wconf 97' lang='lat' dir='ltr'>l.</span> <span class='ocrx_word' id='word_1_244' title='bbox 1057 3628 1084 3679; x_wconf 92' lang='lat' dir='ltr'>p.</span> <span class='ocrx_word' id='word_1_245' title='bbox 1107 3611 1153 3680; x_wconf 84' lang='lat'>58)</span> <span class='ocrx_word' id='word_1_246' title='bbox 1185 3612 1322 3681; x_wconf 85' lang='lat' dir='ltr'>neglecta.</span> 
     </span>
     <span class='ocr_line' id='line_1_32' title="bbox 174 3695 1322 3770; baseline 0.004 -21"><span class='ocrx_word' id='word_1_247' title='bbox 174 3695 322 3764; x_wconf 80' lang='lat' dir='ltr'>Ceteroqui</span> <span class='ocrx_word' id='word_1_248' title='bbox 341 3697 428 3765; x_wconf 90' lang='lat' dir='ltr'>ipsius</span> <span class='ocrx_word' id='word_1_249' title='bbox 448 3697 624 3751; x_wconf 87' lang='lat' dir='ltr'>coniecturae</span> <span class='ocrx_word' id='word_1_250' title='bbox 650 3715 706 3750; x_wconf 89' lang='lat' dir='ltr'>non</span> <span class='ocrx_word' id='word_1_251' title='bbox 729 3697 939 3768; x_wconf 85' lang='lat' dir='ltr'>suffragabitur,</span> <span class='ocrx_word' id='word_1_252' title='bbox 970 3699 1020 3768; x_wconf 91' lang='lat' dir='ltr'>qui</span> <span class='ocrx_word' id='word_1_253' title='bbox 1047 3704 1212 3769; x_wconf 83' lang='lat' dir='ltr'>argumenta</span> <span class='ocrx_word' id='word_1_254' title='bbox 1237 3718 1322 3770; x_wconf 89' lang='lat' dir='ltr'>snpra</span> 
     </span>
     <span class='ocr_line' id='line_1_33' title="bbox 173 3778 1322 3855; baseline 0.005 -16"><span class='ocrx_word' id='word_1_255' title='bbox 173 3784 260 3839; x_wconf 83' lang='lat' dir='ltr'>allata</span> <span class='ocrx_word' id='word_1_256' title='bbox 285 3785 421 3855; x_wconf 79' lang='lat' dir='ltr'>probarit</span> <span class='ocrx_word' id='word_1_257' title='bbox 451 3815 485 3824; x_wconf 99' lang='lat'>-</span> <span class='ocrx_word' id='word_1_258' title='bbox 514 3784 651 3854; x_wconf 84' lang='lat' dir='ltr'>Sequente</span> <span class='ocrx_word' id='word_1_259' title='bbox 676 3803 758 3839; x_wconf 88' lang='lat' dir='ltr'>versu</span> <span class='ocrx_word' id='word_1_260' title='bbox 784 3787 890 3841; x_wconf 89' lang='lat' dir='ltr'>Usener</span> <span class='ocrx_word' id='word_1_261' title='bbox 913 3791 938 3840; x_wconf 81' lang='lat' dir='ltr'>el</span> <span class='ocrx_word' id='word_1_262' title='bbox 957 3788 983 3840; x_wconf 82' lang='grc' dir='ltr'>δ’</span> <span class='ocrx_word' id='word_1_263' title='bbox 1004 3778 1052 3842; x_wconf 78' lang='grc' dir='ltr'>οὖν</span> <span class='ocrx_word' id='word_1_264' title='bbox 1073 3788 1238 3843; x_wconf 89' lang='lat' dir='ltr'>mutandum</span> <span class='ocrx_word' id='word_1_265' title='bbox 1263 3807 1322 3844; x_wconf 87' lang='lat' dir='ltr'>esse</span> 
     </span>
     <span class='ocr_line' id='line_1_34' title="bbox 172 3859 1320 3948; baseline 0.006 -23"><span class='ocrx_word' id='word_1_266' title='bbox 172 3877 255 3941; x_wconf 89' lang='lat' dir='ltr'>putat</span> <span class='ocrx_word' id='word_1_267' title='bbox 278 3874 308 3926; x_wconf 93' lang='lat' dir='ltr'>in</span> <span class='ocrx_word' id='word_1_268' title='bbox 328 3859 344 3948; x_wconf 78' lang='grc' dir='ltr'><strong><em>ᾗ</em></strong></span> <span class='ocrx_word' id='word_1_269' title='bbox 369 3874 394 3926; x_wconf 75' lang='grc' dir='ltr'>δ’</span> <span class='ocrx_word' id='word_1_270' title='bbox 413 3865 474 3929; x_wconf 74' lang='lat' dir='ltr'>onir:</span> <span class='ocrx_word' id='word_1_271' title='bbox 511 3873 574 3930; x_wconf 88' lang='lat' dir='ltr'>‘sed</span> <span class='ocrx_word' id='word_1_272' title='bbox 598 3877 736 3945; x_wconf 90' lang='lat' dir='ltr'>quidquid</span> <span class='ocrx_word' id='word_1_273' title='bbox 761 3878 814 3932; x_wconf 86' lang='lat' dir='ltr'>tibi</span> <span class='ocrx_word' id='word_1_274' title='bbox 833 3879 965 3948; x_wconf 87' lang='lat' dir='ltr'>placebit,</span> <span class='ocrx_word' id='word_1_275' title='bbox 996 3879 1053 3933; x_wconf 91' lang='lat' dir='ltr'>sive</span> <span class='ocrx_word' id='word_1_276' title='bbox 1075 3879 1185 3933; x_wconf 89' lang='lat' dir='ltr'>resistes</span> <span class='ocrx_word' id='word_1_277' title='bbox 1205 3878 1320 3932; x_wconf 90' lang='lat' dir='ltr'>consilio</span> 
     </span>
     <span class='ocr_line' id='line_1_35' title="bbox 171 3960 1322 4037; baseline 0.004 -22"><span class='ocrx_word' id='word_1_278' title='bbox 171 3977 233 4016; x_wconf 88' lang='lat' dir='ltr'>meo</span> <span class='ocrx_word' id='word_1_279' title='bbox 258 3962 316 4016; x_wconf 85' lang='lat' dir='ltr'>sive</span> <span class='ocrx_word' id='word_1_280' title='bbox 339 3960 521 4032; x_wconf 88' lang='lat' dir='ltr'>obsequeris&#39;.</span> <span class='ocrx_word' id='word_1_281' title='bbox 560 3963 749 4020; x_wconf 86' lang='lat' dir='ltr'>Wilamowitz</span> <span class='ocrx_word' id='word_1_282' title='bbox 768 3966 798 4037; x_wconf 90' lang='lat' dir='ltr'>(l.</span> <span class='ocrx_word' id='word_1_283' title='bbox 821 3968 839 4021; x_wconf 93' lang='lat' dir='ltr'>l.</span> <span class='ocrx_word' id='word_1_284' title='bbox 857 3983 885 4037; x_wconf 91' lang='lat' dir='ltr'>p.</span> <span class='ocrx_word' id='word_1_285' title='bbox 899 3967 962 4036; x_wconf 83' lang='lat'>218)</span> <span class='ocrx_word' id='word_1_286' title='bbox 990 3968 1090 4022; x_wconf 88' lang='lat' dir='ltr'>scribit</span> <span class='ocrx_word' id='word_1_287' title='bbox 1109 3967 1170 4021; x_wconf 77' lang='lat' dir='ltr'>elev.</span> <span class='ocrx_word' id='word_1_288' title='bbox 1191 3965 1322 4020; x_wconf 89' lang='lat' dir='ltr'>Wheeler</span> 
     </span>
     <span class='ocr_line' id='line_1_36' title="bbox 172 4043 631 4120; baseline 0.015 -19"><span class='ocrx_word' id='word_1_289' title='bbox 172 4048 189 4105; x_wconf 94' lang='lat' dir='ltr'>l.</span> <span class='ocrx_word' id='word_1_290' title='bbox 209 4050 228 4103; x_wconf 90' lang='lat' dir='ltr'>l.</span> <span class='ocrx_word' id='word_1_291' title='bbox 247 4068 275 4120; x_wconf 89' lang='lat' dir='ltr'>p.</span> <span class='ocrx_word' id='word_1_292' title='bbox 296 4052 340 4120; x_wconf 83' lang='lat'>57)</span> <span class='ocrx_word' id='word_1_293' title='bbox 360 4053 478 4108; x_wconf 90' lang='lat' dir='ltr'>coniecit</span> <span class='ocrx_word' id='word_1_294' title='bbox 498 4051 555 4105; x_wconf 77' lang='grc' dir='ltr'>ἀλλ’</span> <span class='ocrx_word' id='word_1_295' title='bbox 574 4043 631 4108; x_wconf 79' lang='grc' dir='ltr'><em>οὖν.</em></span> 
     </span>
    </p>

    <p class='ocr_par' dir='ltr' id='par_1_6' title="bbox 170 4140 1320 4373">
     <span class='ocr_line' id='line_1_37' title="bbox 273 4140 1320 4214; baseline 0.002 -20"><span class='ocrx_word' id='word_1_296' title='bbox 273 4141 284 4174; x_wconf 81' lang='lat'>²</span> <span class='ocrx_word' id='word_1_297' title='bbox 304 4140 380 4195; x_wconf 91' lang='lat' dir='ltr'>Vers.</span> <span class='ocrx_word' id='word_1_298' title='bbox 400 4143 523 4196; x_wconf 79' lang='lat' dir='ltr'>sla-15</span> <span class='ocrx_word' id='word_1_299' title='bbox 542 4161 559 4196; x_wconf 88' lang='lat' dir='ltr'>a</span> <span class='ocrx_word' id='word_1_300' title='bbox 576 4143 645 4196; x_wconf 86' lang='lat' dir='ltr'>viris</span> <span class='ocrx_word' id='word_1_301' title='bbox 666 4143 755 4197; x_wconf 92' lang='lat' dir='ltr'>doctis</span> <span class='ocrx_word' id='word_1_302' title='bbox 774 4143 880 4197; x_wconf 88' lang='lat' dir='ltr'>dudum</span> <span class='ocrx_word' id='word_1_303' title='bbox 898 4143 928 4196; x_wconf 87' lang='lat' dir='ltr'>in</span> <span class='ocrx_word' id='word_1_304' title='bbox 946 4143 1048 4198; x_wconf 91' lang='lat' dir='ltr'>iustam</span> <span class='ocrx_word' id='word_1_305' title='bbox 1067 4144 1252 4214; x_wconf 89' lang='lat' dir='ltr'>suspicionem</span> <span class='ocrx_word' id='word_1_306' title='bbox 1272 4160 1320 4197; x_wconf 88' lang='lat' dir='ltr'>vo·</span> 
     </span>
     <span class='ocr_line' id='line_1_38' title="bbox 171 4232 1320 4302; baseline 0.002 -19"><span class='ocrx_word' id='word_1_307' title='bbox 171 4232 249 4283; x_wconf 85' lang='lat' dir='ltr'>catos</span> <span class='ocrx_word' id='word_1_308' title='bbox 267 4233 295 4284; x_wconf 87' lang='lat' dir='ltr'>et</span> <span class='ocrx_word' id='word_1_309' title='bbox 311 4236 409 4298; x_wconf 87' lang='lat' dir='ltr'>postea</span> <span class='ocrx_word' id='word_1_310' title='bbox 427 4249 443 4285; x_wconf 89' lang='lat' dir='ltr'>a</span> <span class='ocrx_word' id='word_1_311' title='bbox 463 4249 506 4286; x_wconf 92' lang='lat' dir='ltr'>me</span> <span class='ocrx_word' id='word_1_312' title='bbox 524 4232 702 4302; x_wconf 85' lang='lat' dir='ltr'>gravioribus</span> <span class='ocrx_word' id='word_1_313' title='bbox 722 4233 807 4286; x_wconf 87' lang='lat' dir='ltr'>etiam</span> <span class='ocrx_word' id='word_1_314' title='bbox 826 4233 999 4302; x_wconf 83' lang='lat' dir='ltr'>argumentis</span> <span class='ocrx_word' id='word_1_315' title='bbox 1016 4233 1187 4288; x_wconf 83' lang='lat' dir='ltr'>damnandos</span> <span class='ocrx_word' id='word_1_316' title='bbox 1206 4233 1320 4286; x_wconf 91' lang='lat' dir='ltr'>interim</span> 
     </span>
     <span class='ocr_line' id='line_1_39' title="bbox 170 4316 375 4373; baseline 0.01 -3"><span class='ocrx_word' id='word_1_317' title='bbox 170 4317 269 4372; x_wconf 85' lang='lat' dir='ltr'>missos</span> <span class='ocrx_word' id='word_1_318' title='bbox 292 4316 375 4373; x_wconf 84' lang='lat' dir='ltr'>facio.</span> 
     </span>
    </p>

    <p class='ocr_par' dir='ltr' id='par_1_7' title="bbox 272 4405 1320 4482">
     <span class='ocr_line' id='line_1_40' title="bbox 272 4405 1320 4482; baseline 0.003 -21"><span class='ocrx_word' id='word_1_319' title='bbox 272 4405 392 4474; x_wconf 70' lang='lat' dir='ltr'>³Qnmn</span> <span class='ocrx_word' id='word_1_320' title='bbox 414 4408 472 4463; x_wconf 87' lang='lat' dir='ltr'>late</span> <span class='ocrx_word' id='word_1_321' title='bbox 495 4413 593 4479; x_wconf 87' lang='lat' dir='ltr'>pateat</span> <span class='ocrx_word' id='word_1_322' title='bbox 617 4409 789 4480; x_wconf 90' lang='lat' dir='ltr'>philtrorum</span> <span class='ocrx_word' id='word_1_323' title='bbox 809 4411 988 4482; x_wconf 76' lang='lat' dir='ltr'>significatio,</span> <span class='ocrx_word' id='word_1_324' title='bbox 1017 4411 1148 4466; x_wconf 90' lang='lat' dir='ltr'>discimus</span> <span class='ocrx_word' id='word_1_325' title='bbox 1167 4429 1202 4465; x_wconf 87' lang='lat' dir='ltr'>ex</span> <span class='ocrx_word' id='word_1_326' title='bbox 1220 4408 1320 4465; x_wconf 84' lang='lat' dir='ltr'>Laevii</span> 
     </span>
    </p>
   </div>
   <div class='ocr_carea' id='block_1_4' title="bbox 0 0 1582 5076">
    <p class='ocr_par' dir='ltr' id='par_1_8' title="bbox 0 0 1582 5076">
     <span class='ocr_line' id='line_1_41' title="bbox 0 0 1582 5076; baseline 0 4"><span class='ocrx_word' id='word_1_327' title='bbox 0 0 1582 5076; x_wconf 95' lang='lat' dir='ltr'> </span> 
     </span>
    </p>
   </div>
  </div>
 </body>
</html>
