3142 5074
745 428 780 482 95

186 597 360 665 similitudo
392 601 670 684 tergiversantibus
707 601 812 667 omnia
844 599 1035 667 deverticula
1067 601 1258 667 intercludit.
1293 637 1335 648 -

186 699 405 780 Quaestionem
427 704 532 768 autern
554 702 653 781 illam,
686 703 793 767 utrum
815 703 906 785 poeta
928 700 1088 767 bucolicus
1110 702 1185 767 haec
1207 702 1335 784 abipso

184 800 306 884 tragico
328 802 561 886 deprompserit,
594 824 635 869 an
663 803 718 868 alii
747 805 888 868 auctores
921 802 1161 880 intercesserint,
1193 803 1279 886 haud
1302 803 1335 868 in

185 920 300 984 magno
336 905 477 986 equidem
509 922 623 987 ponam
653 904 839 968 discrimine.
896 902 1118 985 comprobasse
1155 902 1255 985 pluris
1290 904 1337 970 est

186 1001 308 1068 fluxisse
336 1003 414 1069 talia
444 1005 483 1070 ab
510 1005 676 1087 Euripiden
703 1005 787 1087 poesi
817 1010 848 1069 et
873 1004 1023 1086 dissipata
1055 1004 1150 1069 tuisse
1183 1004 1268 1083 adeo,
1302 1006 1338 1069 ut

185 1105 294 1186 poetae
315 1105 505 1170 carminibus
528 1105 697 1171 nescientes
719 1105 820 1170 aliena
845 1105 1028 1170 ornamenta
1056 1123 1110 1187 pro
1141 1107 1205 1170 suis
1236 1107 1338 1172 inclu-

187 1205 294 1271 derent
323 1206 510 1286 discrimine,
545 1209 581 1272 ut
612 1209 793 1292 plerumque
822 1208 869 1282 fit,
902 1209 984 1273 inter
1010 1208 1147 1274 diuersas
1174 1211 1338 1295 Hippolyti

185 1307 309 1373 fabulae
330 1308 520 1373 recensiones
540 1309 670 1374 remoto.

285 1407 388 1473 Simili
409 1409 530 1474 ratione
551 1410 704 1492 tanquam
730 1408 855 1474 uincula
878 1408 971 1474 alieni
993 1410 1117 1476 arbitrii
1134 1410 1239 1476 laxata
1254 1411 1337 1493 sunt,

186 1527 205 1573 a
228 1527 288 1591 quo
311 1501 478 1574 nonnullae
500 1509 625 1576 fabulae
648 1510 816 1576 maximam
846 1511 965 1592 partem
995 1511 1027 1574 in
1049 1511 1212 1576 Parthenii
1233 1511 1337 1578 libello

185 1609 322 1675 traditae
343 1611 423 1676 inter
444 1611 627 1676 illicitorum
650 1631 793 1676 amorum
815 1611 1007 1676 narrationes
1023 1612 1249 1678 Alexandrinas
1263 1632 1337 1696 pen-

186 1710 274 1786 dent;
307 1730 393 1796 quas,
428 1713 580 1795 quantum
605 1711 645 1776 de
667 1713 784 1795 pudore
807 1711 931 1777 libidini
955 1713 1129 1780 occultatae
1150 1714 1267 1779 frustra
1289 1734 1338 1780 re-

186 1811 326 1878 luctante
348 1815 379 1878 et
401 1813 438 1878 de
460 1813 587 1878 alterius
621 1832 768 1895 personae
799 1813 921 1878 crimini
954 1814 1138 1896 opitulantis
1169 1815 1337 1881 intercessu

186 1915 302 1998 agitur,
325 1915 364 1980 ad
387 1915 514 1980 eandem
538 1934 680 1981 normam
701 1916 796 1998 atque
817 1914 899 1994 illas,
922 1916 959 1980 de
980 1915 1091 1999 quibus
1107 1917 1198 1981 modo
1214 1916 1337 1984 locutus

186 2038 265 2099 sum,
287 2019 333 2084 ita
355 2019 542 2102 compositas
564 2038 637 2096 esse,
665 2019 702 2082 ut
725 2018 819 2082 etiam
843 2017 1026 2099 Euripideae
1047 2016 1207 2082 Phaedrae
1228 2019 1338 2084 aucto·

186 2119 263 2184 ritas
290 2118 359 2201 plus
387 2119 490 2184 minus
517 2120 704 2199 intermicet,
733 2117 884 2200 extemplo
907 2117 1072 2201 perspicias
1087 2119 1106 2182 ¹.
1141 2154 1179 2162 —
1212 2121 1336 2202 Agmen

187 2221 281 2287 ducat
302 2223 536 2308 Hermesianax,
570 2223 624 2306 qui
656 2211 689 2287 in
719 2222 848 2287 Leontio
876 2221 1043 2286 Parthenio
1071 2221 1128 2301 (V)
1149 2221 1275 2286 auctore
1297 2222 1335 2286 de

187 2323 339 2406 Leucippo
360 2325 495 2407 quodam
518 2325 592 2389 haec
616 2324 770 2389 narrauit:
797 2305 898 2398 οὗτος
919 2316 1000 2386 κατὰ
1020 2328 1117 2405 μῆνιν
1136 2320 1335 2407 Ἀφροδίτης

187 2420 234 2500 εἰς
256 2420 364 2506 ἔρωτα
384 2415 584 2509 ἀφικόμενος
606 2423 664 2508 τῆς
695 2422 837 2512 ’ὀελφῇς,
860 2421 942 2500 τέως
956 2421 1016 2505 μὲν
1032 2420 1204 2506 ἐκαρτέρει,
1228 2417 1334 2504 οἰόμε-

186 2549 241 2602 νος
262 2529 364 2614 ῥᾷστα
387 2517 648 2606 ἀπαλλάξασθαι
670 2527 728 2611 τῆς
750 2524 862 2590 νόσου·
891 2523 965 2588 ἐπεὶ
987 2521 1099 2605 μέντοι
1124 2523 1241 2606 χρόνον
1267 2524 1335 2589 δια·

186 2625 358 2710 γενομένου
381 2625 456 2692 οὐδὲ
477 2625 529 2691 ἐπ’
553 2617 661 2710 ὀλίγον
683 2619 796 2713 dicimo
818 2619 1005 2704 τὸπάθος,
1040 2616 1265 2690 ἀνακοινοῦται
1296 2629 1335 2714 τῇ

186 2726 283 2811 μητρὶ
305 2725 358 2791 καὶ
379 2723 486 2791 πολλὰ
507 2725 711 2807 καθικέτευε,
731 2725 776 2811 μή
794 2726 960 2808 ,περιιδεῖν
980 2717 1085 2792 αὐτὸν
1099 2718 1334 2810 ἀπολλύμενον·

186 2823 215 2891 εἰ
237 2821 298 2910 γάρ
323 2819 411 2913 αὐτῷ
432 2822 476 2912 μή
500 2822 732 2912 συνεργήσειεν,
759 2820 965 2912 ἀποσφάξειν
987 2821 1090 2892 αὑτὸν
1112 2819 1248 2912 ἠπείλει.
1281 2830 1334 2893 Iu·

185 2928 271 2993 uenis
285 2929 404 3012 spurcis
421 2930 541 3012 perdite
562 2931 697 2996 amantis
721 2931 858 2996 mulieris
880 2931 1033 2997 coloribus
1056 2930 1176 2995 effictus
1199 2929 1335 2995 Alexan-

186 3028 346 3094 drinorum
379 3048 479 3094 mores
511 3030 704 3096 effeminatos
735 3030 854 3097 redolet
863 3032 883 3095 ².
929 3031 1064 3096 Luctans
1093 3031 1198 3095 autem
1227 3031 1259 3095 et
1284 3029 1334 3094 f-

186 3129 268 3195 riosa
289 3129 418 3196 libidine
440 3130 581 3213 agitatus
601 3131 734 3214 animus,
756 3132 809 3214 qui
832 3130 1019 3196 consistendi
1042 3131 1144 3196 locum
1167 3150 1228 3196 uon
1251 3151 1334 3214 repe·

187 3229 237 3308 rit,
259 3229 355 3295 donec
378 3231 568 3297 confessione
589 3232 776 3307 relaxaturi,
800 3232 839 3296 ad
862 3231 943 3315 quod
969 3232 1123 3314 exemplar
1146 3231 1266 3297 effictus
1282 3231 1333 3314 sit,

186 3347 246 3393 non
269 3347 344 3412 opus
365 3332 411 3396 est
431 3331 539 3396 multis
561 3333 734 3414 explanare.
778 3334 882 3415 Atque
904 3332 986 3415 quod
1009 3332 1186 3397 adulescens
1201 3333 1333 3397 mortem

186 3429 334 3509 minatur,
369 3432 395 3496 si
423 3431 545 3497 sceleris
571 3419 695 3514 ¹sperata
719 3432 864 3497 ministra
887 3451 974 3514 opem
997 3433 1153 3514 praestare
1176 3433 1268 3512 nolit,
1300 3433 1334 3496 in

186 3529 291 3595 eadem
314 3551 346 3597 re
368 3531 503 3598 vidimus
525 3532 699 3598 Phaedram
724 3533 869 3616 Myrrhae
896 3525 1032 3615 exemplo
1065 3532 1160 3598 fuisse
1187 3534 1239 3614 (cs.
1263 3532 1333 3598 Sen.

185 3630 301 3698 Phaed
324 3633 386 3698 250
408 3651 465 3716 sq,
489 3633 544 3699 Ov.
568 3633 644 3698 Met.
664 3633 703 3713 X,
725 3635 797 3714 428,
822 3633 883 3700 Cir.
906 3635 967 3699 276
989 3635 1060 3718 εκ).
1083 3669 1124 3680 -
1145 3633 1361 3700 Parthenius‘

191 3810 389 3823 ξ-

286 3929 444 3984 ¹Matrona
461 3930 583 3999 Ephesia
608 3929 657 3984 vix
680 3933 899 3985 commemoratu
918 3929 1013 4000 digna,
1044 3929 1098 3983 nisi
1126 3929 1200 3998 quod
1229 3929 1333 3985 ancilla

186 4018 292 4074 refecta
311 4019 426 4088 potione
445 4023 474 4073 et
492 4019 555 4072 cibo
569 4018 698 4073 dominae
711 4018 894 4087 pertinaciam
909 4034 1082 4087 expugnasse
1095 4016 1198 4072 dicitur
1209 4016 1332 4087 (Petron.

187 4105 244 4161 Sat.
266 4107 313 4161 lll
334 4107 365 4161 B.
402 4106 443 4160 ef.
461 4105 579 4160 Phaedr.
598 4106 667 4160 Fab.
686 4106 814 4175 Append.
837 4106 889 4176 13).

287 4195 466 4264 ¹Euripides
494 4194 523 4247 in
545 4194 633 4248 Aeolo
663 4193 784 4247 delicato
813 4211 894 4247 sensu
921 4199 1091 4249 crescentem
1112 4198 1141 4248 et
1167 4193 1251 4248 altius
1278 4210 1333 4248 ser·

186 4286 297 4350 pentem
324 4283 447 4336 Macarei
477 4280 601 4336 furorem
629 4298 686 4334 non
716 4282 842 4351 exposite
871 4282 1029 4352 depinxisse
1055 4281 1175 4345 videtur,
1205 4286 1237 4335 ut
1265 4282 1333 4335 alias

186 4368 338 4424 ostendam.

288 4459 299 4491 ⁵
317 4458 410 4513 Mater
428 4459 509 4512 lenae
527 4475 642 4512 munere
659 4456 802 4527 fungitur;
821 4475 876 4526 quo
896 4457 983 4513 scelus
1001 4461 1130 4529 augetur.
