3154 5076
745 363 778 416 27

191 533 406 616 Conspicimus
429 533 532 616 potius
549 534 754 618 Hippolytum
778 535 850 599 ante
871 534 991 600 Dianae
1013 534 1214 600 simulacrum
1236 534 1336 599 liban-

189 635 289 712 tem¹,
328 635 364 699 ut
400 634 463 700 fere
492 655 618 813 plronus
650 636 708 700 sim
740 637 771 700 in
803 655 871 701 eam
905 636 1092 702 sententiam
1124 634 1336 702 Philemonem

188 734 247 816 frg.
271 737 312 800 63
335 735 469 815 (ΜΝ,

372 738 531 920 Ἀρτεμῗ,
536 744 624 923 )φίλη
647 837 814 916 δέσποινα,
837 833 958 902 τοῦτόν
980 859 1033 902 occ
1055 835 1158 925 φέρω,

381 923 407 1002 ὦ
429 938 546 1016 πότνι’,
568 931 770 1025 ἀμφιφῶντα
792 963 845 1003 και
837 932 1054 1026 σπονδήν“
1033 961 1100 1021 αμα

189 1058 251 1104 non
278 1040 343 1104 tam
372 1041 561 1105 retractatae
583 1040 708 1106 fabulae
734 1061 763 1104 v
788 1041 827 1105 73
848 1059 904 1123 sq,
939 1060 1033 1123 quam
1062 1040 1196 1106 similem
1224 1041 1336 1124 prioris

188 1159 332 1205 scaenam
355 1142 427 1206 ante
449 1140 554 1206 oculos
576 1141 729 1232 habuisse.

288 1241 458 1324 Hymnum,
482 1260 573 1324 quem
595 1241 722 1306 comites
744 1243 929 1307 adhortante
944 1241 1115 1326 Hippolyto
1136 1242 1169 1306 in
1189 1241 1336 1307 honorem

190 1343 309 1408 Dianae
338 1342 464 1418 canunt,
497 1344 563 1407 tam
592 1343 750 1426 egregium
785 1343 953 1409 artificium
983 1344 1029 1408 est
1055 1342 1094 1408 ad
1121 1342 1337 1430 adornandum

190 1445 284 1527 atque
321 1443 548 1508 instituendum
590 1443 710 1522 odium,
754 1445 836 1527 quod
863 1445 967 1510 Venus
999 1443 1034 1508 in
1062 1443 1185 1509 heroem
1217 1443 1338 1508 Dianae

189 1545 330 1610 amatum
366 1545 514 1625 concepit,
560 1545 596 1609 ut
630 1563 778 1626 gravarer
813 1547 877 1610 eius
914 1545 1005 1610 laude
1030 1544 1142 1610 Velato
1176 1544 1336 1626 derogata.

188 1645 328 1724 Accedit,
363 1644 445 1726 quod
468 1645 583 1710 Seneca
607 1646 687 1710 hanc
709 1664 853 1711 scaenam
886 1647 919 1710 in
943 1665 1034 1710 suum
1058 1663 1148 1710 usum
1173 1646 1335 1728 convertit,

189 1764 339 1812 exornans
362 1746 486 1828 quidem
508 1745 597 1811 illam
620 1767 681 1830 qua
702 1747 781 1812 solet
802 1748 938 1826 licentia,
968 1749 1004 1811 ut
1025 1747 1145 1813 tumide
1160 1745 1336 1812 doctrinam

187 1847 220 1910 in
253 1846 461 1911 describendis
494 1847 610 1912 Atticis
640 1848 818 1930 regionibus
849 1849 1019 1914 ostentaret
1056 1849 1088 1914 et
1125 1848 1335 1913 Romanorum

188 1949 254 2014 acri
282 1947 415 2013 venandi
448 1948 551 2012 studio
580 1948 784 2015 satisfaceret.
827 1948 949 2016 Seniori
974 1968 1061 2014 servo
1083 1950 1133 2014 vel
1154 1949 1335 2032 paedagogo

187 2050 221 2114 in
245 2049 355 2114 Velato
384 2067 505 2131 quoque
534 2053 637 2130 partes
660 2049 750 2115 datas
783 2069 856 2126 esse,
889 2051 964 2116 licet
990 2051 1081 2132 poeta
1104 2051 1262 2115 Romanus
1285 2069 1336 2115 eas

190 2150 369 2233 neglexerit,
391 2151 575 2234 sarcophagi
597 2151 712 2216 indicio
729 2152 812 2229 sunt,
843 2152 951 2234 utpote
973 2153 1004 2216 in
1028 2151 1141 2234 quibus
1164 2150 1335 2234 Hippolyto

190 2250 311 2333 saepius
327 2251 375 2315 vir
390 2269 480 2316 senex
501 2269 537 2315 ac
559 2251 709 2316 barbatus
731 2271 824 2334 prope
846 2252 976 2316 adstans
1001 2251 1189 2334 compareat.
1211 2286 1254 2296 -
1275 2249 1335 2316 Sed

188 2351 284 2435 priori
302 2351 460 2417 Phaedrae
482 2363 543 2417 non
566 2371 642 2434 opus
665 2353 732 2418 erat
754 2371 892 2418 amorem
914 2354 1033 2430 celare;
1055 2372 1128 2417 nam
1150 2352 1335 2418 documento

187 2455 262 2518 sunt
284 2453 502 2536 Aristophanis
524 2454 670 2537 Byzantii
701 2454 914 2518 testimonium
943 2454 976 2518 in
998 2453 1183 2537 argumento
1207 2451 1335 2519 Coroni-

187 2554 245 2620 feri
268 2557 299 2619 et
322 2555 382 2637 srg,
407 2555 478 2620 433.
499 2556 561 2619 436
583 2555 666 2620 ultro
700 2574 768 2620 eam
801 2574 936 2620 amorem
958 2555 1129 2638 professam
1152 2554 1255 2620 omnia
1278 2574 1335 2636 pu-

188 2656 272 2724 doris
294 2656 443 2739 repagula
465 2656 657 2740 perfregisse.
712 2658 757 2722 Ex
781 2677 842 2740 qua
864 2677 897 2722 re
919 2657 1061 2742 deinceps
1083 2657 1206 2740 cogitur
1238 2657 1333 2722 aliam

187 2757 299 2839 prioris
319 2756 444 2822 fabulae
466 2757 675 2823 oeconomiam
696 2757 800 2842 fuisse,
824 2757 1112 2840 quodValohenaer
1136 2757 1250 2842 (Praei.
1260 2755 1334 2840 XX)

118 2864 121 2872 '
187 2858 305 2940 primus
321 2857 505 2922 observavit.
539 2857 622 2922 Nam
638 2858 740 2940 poeta,
765 2877 835 2922 cum
851 2858 1010 2923 Phaedrae
1024 2858 1102 2923 alias
1117 2860 1219 2941 partes
1235 2859 1333 2938 daret,

188 2959 319 3024 nutricis
339 2978 461 3042 quoque
477 2960 580 3041 partes
601 2962 791 3026 commutare
815 2960 931 3040 debuit,
953 2960 999 3026 ita
1022 2959 1157 3043 quidem,
1181 2962 1217 3024 ut
1238 2979 1334 3025 anum

189 3060 333 3125 dominae
367 3061 511 3126 libidines
542 3061 634 3125 initio
660 3062 764 3143 potius
791 3063 979 3144 restringere
1007 3061 1183 3138 studentem
1203 3060 1334 3144 fingeret

189 3161 235 3244 (el
254 3160 397 3226 Welcker
419 3161 439 3226 l.
462 3162 482 3227 l.
504 3181 533 3244 p.
558 3161 642 3246 736).
696 3163 810 3228 Seneca
832 3163 932 3246 igitur
953 3162 1099 3228 Velatum
1114 3161 1265 3232 ,imitatus
1288 3163 1334 3227 est
1393 3197 1394 3202 κ

187 3262 246 3327 hac
268 3262 335 3343 ipsa
363 3263 484 3327 ratione
515 3251 667 3328 nutricem
689 3282 760 3328 oum
783 3264 925 3330 Phaedra
948 3281 1102 3330 sermones
1126 3264 1334 3330 conferentem

186 3363 345 3446 inducens,
380 3363 468 3428 cuius
501 3364 649 3447 colloquii
677 3365 801 3448 singula
829 3365 940 3432 Ovidio
968 3365 1092 3430 conlato
1124 3367 1334 3430 recensentem

187 3463 374 3546 gravissima
399 3464 529 3548 indicia,
563 3466 675 3547 quibus
706 3467 843 3532 imitatio
876 3465 987 3532 Graeci
1018 3466 1200 3548 exemplans
1232 3465 1335 3548 prodi·

184 3566 246 3644 tur,
271 3584 330 3630 non
353 3566 385 3631 te
407 3566 544 3650 fugieut;
571 3567 607 3632 de
630 3569 741 3651 quibus
764 3569 857 3634 adeas
879 3569 1010 3633 Leonem
1026 3569 1060 3648 (1.
1078 3568 1098 3632 1.
1125 3586 1154 3648 p.
1181 3568 1241 3631 174
1263 3565 1333 3650 sq.,)

189 3666 243 3749 qui
261 3667 442 3750 explicatius
465 3669 539 3733 haee
562 3670 716 3736 tractat2.
760 3670 969 3754 Neglegenter
991 3669 1114 3753 quidem
1130 3669 1254 3751 poetam
1270 3667 1343 3750 uc<

291 3871 299 3902 ¹
318 3871 352 3925 In
370 3873 542 3943 sarcophago
561 3873 689 3928 Romano
709 3873 794 3942 (Mon.
813 3872 878 3929 dell’
896 3874 964 3928 lust.
982 3873 1057 3938 VIII,
1075 3875 1117 3928 38.
1136 3877 1170 3928 2a
1188 3872 1223 3926 cf.
1242 3872 1332 3926 Benn-

186 3959 254 4013 dorf
270 3977 296 4012 u.
317 3959 441 4015 Schoene
459 3961 592 4016 Lateran.
611 3962 682 4015 Mus.
700 3981 726 4032 p.
746 3964 798 4016 269
818 3963 870 4032 sq.)
890 3967 918 4016 et
935 3963 1098 4016 Florentino
1125 3961 1208 4026 (Gall.
1226 3960 1256 4015 di
1274 3959 1332 4014 Fir.

185 4047 232 4110 Ν,
252 4050 294 4104 91.
314 4050 348 4102 92
367 4049 401 4104 cf.
421 4050 579 4104 Duetschlxe
598 4051 695 4104 Antik.
715 4051 812 4106 Bildw.
833 4050 1140 4120 ouer-Ital.111p.-aa
1160 4049 1221 4118 sq.).

288 4138 378 4192 ’Non
399 4140 483 4192 abre
507 4145 549 4193 est
574 4139 626 4194 hoc
647 4143 708 4195 loco
731 4145 830 4194 notare
853 4140 1009 4195 Phaedram
1027 4138 1183 4194 Coroniferi
1200 4136 1279 4206 queri
1297 4155 1324 4192 v.

188 4226 242 4280 379
258 4243 309 4295 sq.:
329 4224 362 4279 τὰ
378 4221 475 4298 χρήστ’
488 4222 684 4300 ἐπιστάμεσθα
697 4233 742 4281 καὶ
754 4223 956 4300 γιγνώσκομεν,
968 4224 1019 4282 οὐκ
1038 4228 1211 4297 ἐκπονοῦμεν
1229 4226 1262 4280 δέ
1279 4228 1333 4278 κτλ.

188 4319 286 4370 eontra
304 4315 423 4372 Senecae
441 4315 599 4371 Phaedram
626 4319 702 4372 ultro
732 4317 859 4388 profiteri
884 4336 910 4372 v.
936 4319 984 4372 177
1005 4335 1058 4386 sp:
1089 4313 1170 4387 ‘quae
1196 4333 1333 4370 memoras

187 4404 244 4462 scio
263 4404 336 4462 Vere
365 4423 432 4477 esse,
464 4406 570 4478 nutrix,
601 4405 650 4464 sed
677 4405 756 4465 furor
784 4407 861 4482 cogit
888 4406 967 4480 sequi
984 4401 1101 4464 Peiora’.
1143 4403 1332 4482 Intellegiene,
