3154 5076
813 393 846 446 12

258 564 362 631 avolet
383 566 592 649 evageturque
614 585 643 630 v.
667 567 729 630 732
751 583 796 648 sq.
808 566 829 629 ¹.
878 562 914 628 Id
937 563 1061 646 quidem
1089 564 1171 647 quod
1194 564 1341 630 Deianira
1364 563 1406 630 ad

257 667 389 732 mortem
416 666 610 748 proficiscens
633 686 703 732 aras
724 667 757 730 in
779 666 920 730 futurum
943 663 1218 748 debita21eligione
1239 666 1406 731 destitutas

258 767 451 849 comploratu
473 767 541 832 adit
563 787 592 832 v.
608 769 669 832 904
693 787 748 851 sq,
771 767 960 851 Hippolytus
982 767 1087 832 autern
1110 766 1249 850 queritur
1269 786 1302 831 se
1323 786 1407 832 mor·

255 869 311 934 tuo
332 857 528 951 ἀγαλμάτων
549 862 677 954 φύλακα
695 888 725 933 r.
742 869 823 933 1399
846 867 1025 932 defuturum
1052 886 1116 932 esse
1139 867 1191 943 (cl.
1204 886 1233 932 u.
1248 869 1331 933 1138
1345 869 1405 950 sq.)

257 1005 298 1016 —
320 969 398 1036 talia
420 970 446 1034 si
468 970 538 1052 quis
560 970 647 1035 casui
674 969 838 1035 tribuenda
871 987 934 1034 esse
966 967 1166 1051 pertinaciter
1189 970 1315 1047 asserit,
1347 986 1404 1052 ego

257 1090 330 1136 saue
355 1071 528 1154 praefracte
551 1071 703 1154 refragari
725 1088 851 1154 nequeo.
894 1068 938 1134 At
971 1068 1136 1134 manifesto
1168 1069 1406 1152 deprehenditur

257 1172 420 1254 Euripides
442 1172 602 1255 Sophoclis
625 1171 765 1254 vestigiis
787 1170 932 1235 insistens
954 1170 987 1233 in
1020 1188 1055 1235 ea
1087 1188 1197 1234 scaena
1220 1170 1405 1248 exornanda,

257 1274 311 1339 ubi
334 1273 439 1338 nutrix
461 1272 619 1337 Phaedrae
641 1272 765 1336 foedum
787 1289 922 1345 amorem
946 1271 1047 1336 fassae
1066 1270 1281 1354 moriendique
1304 1272 1406 1337 cousi·

257 1377 334 1440 lium
358 1374 468 1440 effatae
490 1373 671 1456 persuadere
695 1372 825 1438 conatur
847 1392 876 1436 v.
898 1372 961 1435 439
984 1391 1043 1454 sq.:
1067 1371 1145 1435 nihil
1167 1371 1297 1451 insoliti,
1323 1373 1405 1456 quod

257 1478 350 1554 amet,
372 1476 420 1541 illi
441 1475 605 1550 accidisse;
630 1475 739 1539 Amori
757 1493 862 1538 omnes
883 1473 1022 1538 hemines
1045 1473 1178 1556 deosque
1193 1474 1299 1538 cedere
1315 1493 1406 1556 opor-

257 1580 334 1660 tere;
363 1598 484 1663 quoque
506 1577 608 1642 acrius
630 1577 839 1658 impugnetur,
869 1593 903 1639 eo
926 1574 1066 1639 acerbius
1095 1574 1185 1639 deuru
1209 1592 1305 1640 urere.
1331 1575 1405 1640 Noli

257 1682 340 1746 hunc
370 1682 472 1746 locum
501 1697 701 1744 ¹communem
733 1696 798 1742 esse
824 1677 957 1752 obicere,
979 1677 1161 1759 priusquam
1190 1674 1315 1754 similia,
1344 1695 1406 1741 uon

258 1783 326 1847 dico
348 1781 497 1847 insimili
519 1780 756 1846 Trachiniarum
782 1798 902 1857 scaena,
936 1779 988 1844 sed
1019 1779 1051 1843 in
1083 1778 1179 1843 simili
1208 1797 1311 1844 rerum
1335 1797 1405 1843 eon-

259 1902 360 1960 eursu,
383 1883 465 1966 quod
487 1901 593 1947 rursus
618 1882 750 1950 maxime
772 1899 886 1964 premo,
909 1898 1067 1945 occurrere
1089 1879 1279 1960 cognoveris
1322 1879 1404 1946 Nam

234 2039 236 2044 ,
259 2000 328 2046 cum
343 1982 452 2047 hichas
465 1983 542 2048 Ioles
561 1999 708 2062 amorem,
731 2000 792 2066 qno
814 1981 962 2047 Hercules
983 1981 1148 2065 flagrabat,
1170 1980 1405 2059 dissimulasset,

257 2083 407 2148 Deianira
434 2083 543 2149 nuntio
576 2083 701 2148 interim
736 2083 843 2148 audito
880 2101 915 2146 ea
942 2082 1063 2148 ratione
1092 2081 1235 2164 praeconi
1257 2099 1406 2163 angorem

259 2184 374 2265 eripere
402 2202 532 2266 eumque
561 2184 600 2249 ad
626 2184 756 2249 liberam
780 2183 1001 2248 confessionem
1024 2182 1175 2247 adducere
1198 2181 1340 2264 conatur,
1371 2183 1406 2244 ut

257 2284 290 2348 in
314 2285 491 2350 universum
524 2285 672 2367 disputet,
703 2285 783 2350 nihil
818 2285 950 2349 vetitum
984 2283 1187 2360 committere,
1221 2281 1274 2366 qui
1307 2281 1406 2346 amori

258 2404 373 2450 morem
395 2389 486 2472 gerat
507 2407 535 2452 v.
558 2389 618 2453 441
642 2407 705 2471 sep:

399 2478 520 2574 ’Ἔρωτι
541 2488 600 2574 μέν
622 2515 677 2554 ναν
700 2484 790 2568 ὅστις
812 2487 1038 2554 ἀπανίσταται

407 2585 531 2676 πύκτης
554 2585 648 2668 ὅπως
670 2589 703 2670 ἐς
721 2596 840 2674 χεῖρας,
865 2582 903 2656 οὗ
926 2590 1033 2668 καλῶς
1054 2592 1181 2677 φρονεῖ·

384 2681 504 2770 ,οὗτος
524 2689 582 2777 γὰρ
605 2683 695 2777 ἄρχει
718 2693 772 2758 καὶ
793 2693 886 2758 θεῶν
908 2687 1001 2770 ὅπως
1025 2689 1116 2757 θέλει
1138 2690 1204 2756 κτλ.

258 2793 421 2878 Euripides
443 2795 489 2861 ita
510 2815 539 2861 v.
562 2798 624 2861 443
647 2815 705 2879 sq.:

408 2889 539 2980 Κύπρις
560 2896 618 2981 γὰρ
642 2891 685 2962 ov'
706 2897 861 2986 φορητός,
883 2890 922 2986 ἢν
943 2890 1049 2984 πολλὴ
1073 2895 1141 2983 ῥυῇ·

407 2989 428 3082 ἢ
448 2995 505 3062 τὸν
526 2997 585 3081 μὲν
609 2993 734 3066 ἄκονθ’
757 2994 858 3090 ἡσυχῇ
879 2997 1077 3082 μετέρχεται,

408 3089 447 3164 ὃν
469 3098 497 3164 d’
521 3093 563 3164 dv
584 3097 743 3182 περισσὸν
764 3100 818 3166 καὶ
840 3099 1021 3188 (κρατοῦνθ’
1045 3093 1123 3186 εὕρῃ
1142 3095 1236 3182 μέγα,

407 3200 526 3266 τοῦτον
545 3201 698 3283 λαβοῦσα,
721 3203 796 3279 πῶς
817 3203 944 3279 danaim
963 3194 1172 3283 καθύβρισαν.

258 3302 320 3367 Pro
332 3321 473 3368 concesso
488 3304 595 3382 habeo,
612 3304 753 3387 Euripidi
775 3307 851 3370 haec
872 3304 1019 3369 scribenti
1034 3303 1228 3369 obversatam
1244 3319 1308 3365 esse
1319 3298 1406 3364 illam

258 3402 436 3486 imaginem
451 3403 488 3470 de
509 3404 624 3470 Amore
647 3406 763 3489 pugile,
786 3425 879 3489 quam
902 3424 1012 3488 parum
1035 3403 1166 3468 feliciter
1188 3402 1219 3466 in
1245 3401 1407 3477 Venerem,

259 3505 385 3569 mollem
416 3505 523 3584 deam,
557 3525 635 3588 quae
669 3508 845 3590 correptum
879 3505 1091 3571 adversarium
1127 3504 1246 3568 duriter
1281 3501 1407 3580 tractet,

258 3604 432 3672 transtulit.
472 3643 510 3654 -
537 3607 646 3692 Neque
680 3608 933 3673 commemoratio
970 3606 1106 3685 deorum,
1145 3622 1221 3688 quos
1245 3601 1411 3685 Sophocles

259 3706 353 3771 testes
376 3708 490 3772 excitat
512 3707 553 3793 (v.
567 3709 628 3774 443
641 3709 678 3773 cl.
697 3728 724 3772 v.
741 3710 803 3773 498
825 3706 895 3791 sq.),
921 3707 1003 3790 apud
1026 3707 1160 3772 alterum
1182 3704 1267 3770 deest
1287 3701 1329 3787 (v.
1346 3704 1408 3766 453

259 3826 315 3892 sq,
338 3808 378 3873 ci.
402 3828 429 3873 v.
453 3811 515 3875 555
534 3811 604 3892 sq.).
648 3810 685 3874 ld
698 3809 832 3893 quidem,
856 3809 937 3893 quod
960 3804 1409 3882 1ἰιτιαοτιόσοςτὶιιι1το-

259 3929 319 3996 que
347 3912 555 3995 nuncupatur,
585 3929 648 3977 non
674 3911 781 3994 magni
809 3911 907 3994 pendo
935 3910 980 3991 (S.
1004 3910 1076 3987 445,
1102 3909 1138 3974 E.
1167 3908 1217 3972 40.
1243 3906 1315 3970 269.
1338 3905 1409 3969 219.

363 4174 371 4205 ¹
390 4175 480 4230 Huius
500 4176 692 4230 similitudinis
711 4176 820 4246 pondus
838 4193 895 4230 uon
915 4191 947 4229 eo
966 4171 1156 4239 imminuitur,
1179 4169 1255 4240 quod
1273 4183 1409 4238 personae

265 4265 389 4336 tragicae
417 4283 473 4319 uon
502 4265 652 4320 admodum
679 4283 743 4320 raro
773 4265 842 4319 talia
870 4268 1012 4333 exoptant.
1052 4261 1092 4316 uf.
1112 4260 1195 4329 Soph.
1214 4258 1259 4312 Αἰ.
1280 4255 1348 4310 1192
1368 4271 1410 4322 sq.

272 4353 386 4408 Oenom.
406 4353 459 4425 frg.
479 4355 539 4408 432.
558 4353 625 4408 Eur.
644 4353 731 4407 Andr.
753 4355 813 4409 862.
831 4352 889 4409 lon.
909 4354 969 4410 796.
1006 4351 1060 4410 Sed
1080 4349 1179 4407 chorus
1199 4346 1283 4405 semel
1300 4347 1411 4402 tantum

262 4443 337 4516 apud
354 4443 520 4518 Euripidem
538 4442 599 4500 Hel.
622 4443 690 4498 1418
709 4459 748 4515 sq.
