3142 5074
765 338 815 392 103

215 507 357 573 fabulam
381 508 569 574 amatoriam
592 508 780 575 Plutarchus
805 509 945 595 (Quaest.
961 512 1068 580 Graec.
1091 513 1142 594 lo,
1158 515 1262 597 Bergk
1284 513 1318 578 P.
1331 515 1365 580 L.

213 609 258 674 ed.
272 608 318 672 ΙΙΙ
329 628 359 691 p.
375 609 469 687 1205)
488 610 632 674 nontam
648 610 729 676 nude
744 612 775 676 ct
790 612 911 677 exiliter
932 613 1002 695 dat,
1023 615 1059 678 ut
1081 615 1231 680 nonnulla
1253 615 1367 681 omissa

217 728 281 774 esse
313 707 424 774 merito
458 709 635 794 suspiceris,
675 710 708 774 in
735 711 783 776 his
816 712 931 778 haeret.
984 714 1064 778 Item
1098 713 1149 779 hic
1181 733 1367 780 commemo·

212 809 311 874 nanda
334 809 497 874 Parthenii
519 811 756 878 narratiuncula
779 813 892 896 quarta
914 813 1034 878 decima
1055 807 1195 895 (irrepsi
1216 807 1367 896 Ἀριστο-

212 909 306 994 τέλης
332 908 386 974 καὶ
408 903 440 975 oi
461 906 503 975 τὰ
525 906 729 997 Μιλησιακὰ)
757 914 794 978 de
817 913 977 993 Cleoboea,
1009 934 1089 998 quae
1111 917 1227 981 Anthei
1248 917 1367 982 obsidis

212 1011 332 1076 Phobio
356 1012 482 1095 coniugi
505 1013 571 1078 dati
595 1033 700 1079 amore
727 1014 852 1098 flagrat,
883 1014 981 1080 libera
1004 1014 1059 1080 illa
1082 1035 1204 1099 quoque
1225 1018 1265 1082 ab
1286 1017 1368 1082 eius·

213 1111 297 1177 modi
324 1113 488 1178 coloribus.
531 1113 598 1194 Quo
632 1115 763 1181 fortasse
794 1115 930 1182 insolens
965 1117 996 1180 et
1029 1117 1129 1182 omnis
1161 1118 1293 1182 rationis
1317 1137 1366 1182 en·

212 1233 280 1296 pers
302 1213 399 1280 libido
422 1215 581 1293 mulieris,
616 1217 652 1281 ut
676 1235 755 1299 quae
777 1218 846 1300 post
870 1217 1025 1300 repulsam
1049 1218 1115 1301 ipsa
1138 1219 1243 1283 iuveni
1267 1219 1366 1283 vitam

171 1395 172 1398 Ἴ
213 1312 379 1379 crudeliter
401 1313 531 1393 adimat,
554 1315 758 1393 denotatur¹3
791 1337 862 1382 cum
891 1337 940 1382 res
967 1317 1059 1400 plane
1083 1316 1189 1383 eadem
1209 1319 1250 1384 sit
1271 1319 1305 1382 in
1325 1319 1367 1383 si·

213 1415 282 1479 mili
313 1415 421 1481 fabula
451 1415 487 1481 de
517 1415 628 1481 illicito
663 1415 781 1496 amore,
821 1437 881 1500 quo
917 1417 1003 1502 (tyno
1038 1418 1151 1484 mulier
1184 1438 1296 1501 procax
1330 1436 1366 1484 ac

212 1516 358 1598 petulans
393 1517 433 1581 ad
465 1507 682 1582 Habrocomen
717 1519 839 1600 rapitur
873 1518 1026 1603 (Xenoph.
1060 1519 1169 1601 Ephes.
1203 1520 1268 1599 III,
1301 1520 1365 1601 12).

212 1618 352 1700 Accedit,
375 1618 456 1702 quod
479 1618 554 1683 haec
577 1619 658 1684 ratio
685 1621 810 1684 resonat
832 1621 943 1685 veteris
966 1621 1066 1702 mytbi
1089 1621 1250 1697 naturam3
1273 1620 1365 1685 nimi-

212 1738 282 1783 rum
304 1719 435 1784 luctatio
459 1739 546 1786 cassa
568 1720 720 1803 irritaque
742 1721 840 1786 videri
861 1721 966 1799 debet,
999 1721 1025 1785 si
1047 1721 1121 1786 irati
1143 1721 1192 1785 dei
1213 1721 1364 1785 incestum

212 1820 380 1886 libidinum
401 1821 575 1903 appetitum
598 1821 746 1886 conflasse
761 1823 921 1905 putantur.
943 1859 984 1868 —
1007 1822 1147 1905 Euripidi
1163 1822 1288 1905 quidem
1302 1840 1364 1886 non

214 1922 349 2005 contigit
377 1941 483 2004 pacem
515 1922 680 1988 conciliare
710 1923 792 1988 inter
824 1924 967 2006 mythum
1003 1925 1033 1988 et
1067 1924 1149 1988 vitae
1184 1923 1363 2002 veritatem3

214 2022 362 2086 Venerem
386 2024 490 2088 omnia
523 2023 562 2088 ad
595 2042 685 2087 suum
714 2023 882 2088 arbitrium
911 2027 1068 2106 regentem
1091 2024 1238 2089 inducens
1260 2024 1365 2105 prohi-

213 2121 293 2206 buit,
326 2123 491 2204 quominus
517 2124 744 2206 exspectatione
776 2124 892 2188 intenti
920 2124 1026 2202 simus,
1061 2143 1195 2207 quonam
1229 2122 1365 2199 amantis

213 2222 311 2286 animi
332 2223 466 2288 luctatio
489 2225 607 2308 vergat.
650 2223 764 2291 Contra
788 2223 922 2290 Ovidius
943 2225 1087 2304 delicato,
1124 2243 1184 2308 quo
1207 2224 1366 2305 praeditus

214 2325 261 2389 est
293 2343 393 2403 sensu,
426 2325 540 2408 ubique
562 2327 594 2390 in
617 2326 732 2392 labulis
760 2325 824 2390 illis
857 2327 1020 2391 amatoriis
1043 2326 1171 2391 Veneris
1193 2326 1366 2390 aliorumve

214 2424 341 2490 deorum
369 2426 552 2492 incitatione
578 2427 737 2493 tralaticia
764 2428 905 2510 neglecta
927 2427 1060 2492 removit
1082 2427 1140 2491 hoc
1162 2425 1364 2508 impedimen·

214 2527 292 2592 tum.
335 2528 540 2593 Alexandrini
562 2528 727 2611 praeivisse
749 2526 909 2604 videntur3
933 2527 1060 2592 Veneris
1082 2527 1162 2592 iram
1184 2526 1366 2608 plerumque

212 2629 362 2692 reticent2
396 2630 428 2693 in
466 2630 524 2696 hac
553 2649 586 2694 re
615 2631 690 2694 scite
715 2649 734 2694 a
755 2629 878 2712 tragico
900 2629 1084 2694 recedentes.
1127 2627 1188 2694 Sed
1211 2626 1287 2710 quid
1308 2643 1364 2708 ego

213 2731 325 2810 plura?
358 2731 468 2796 Nonne
490 2731 575 2814 ipsae
597 2731 702 2797 breves
725 2731 934 2814 Hippolyteae
956 2729 1080 2794 fabulae
1102 2727 1365 2804 narratiunculae,

214 2851 290 2915 quas
317 2832 350 2896 in
376 2833 477 2915 priore
505 2832 733 2897 dissertationis
762 2832 850 2915 parte
878 2829 1051 2896 examinavi
1075 2829 1117 2912 (p.
1140 2830 1181 2892 46
1204 2827 1273 2912 sq.)‚
1296 2847 1366 2892 sen-

213 2970 410 2977 ———.

315 3035 324 3066 ¹
345 3035 390 3088 Ad
408 3035 600 3104 compilatoris
624 3035 793 3089 brevitatem
811 3035 877 3088 nolo
901 3051 1063 3104 provocare,
1091 3033 1203 3102 quando
1227 3032 1280 3102 ipsi
1299 3032 1365 3086 Alo·

213 3123 315 3178 xandri
328 3124 424 3178 Aetoli
438 3141 532 3178 versus
547 3124 620 3178 hunc
640 3141 763 3177 amorem
782 3124 956 3177 illustrantes
976 3121 1078 3176 servati
1100 3125 1179 3189 sunt3
1199 3121 1233 3174 cf.
1244 3119 1363 3174 Meinek.

212 3213 231 3266 l.
250 3214 269 3266 l.
287 3231 314 3282 p.
333 3215 384 3266 219
403 3230 443 3281 sq.
481 3212 587 3266 Tamen
605 3211 750 3282 Euripidis
774 3212 897 3266 imitatio
926 3210 1145 3280 deprehenditur
1169 3210 1199 3262 in
1220 3227 1261 3267 eo,
1290 3207 1365 3276 quod

213 3301 247 3354 de
271 3305 346 3356 casto
370 3302 478 3368 iuvene,
510 3302 558 3370 qui
583 3302 677 3355 Iovem
706 3301 874 3371 hospitalem
903 3300 1010 3354 veritus
1037 3300 1182 3353 mulierem
1211 3301 1364 3363 aversatur,

212 3390 373 3444 Alexander
384 3391 485 3463 pangit
497 3409 523 3444 v.
537 3391 580 3443 16:
600 3384 710 3458 κρήναις
730 3394 775 3441 καὶ
794 3395 931 3459 ποταμοῖς
949 3389 1038 3455 νίψετ’
1058 3383 1145 3445 ἀεικὲς
1164 3386 1238 3444 ἔπος.
1258 3384 1365 3438 Eadem

213 3479 336 3549 imagine
354 3479 447 3532 utitur
466 3479 636 3547 Hippolytus
661 3478 735 3547 apud
754 3477 920 3546 Euripidem
943 3477 1082 3530 nutricem
1109 3479 1226 3544 propter
1253 3472 1365 3526 foedam

213 3567 440 3622 sollicitationem
459 3567 562 3620 acriter
582 3567 698 3620 adortus
717 3585 743 3620 v.
763 3569 828 3620 653:
860 3562 920 3634 ἁγὼ
941 3568 1029 3636 ῥυτοῖς
1047 3569 1198 3634 νασμοῑσιν
1221 3554 1365 3630 ἔξορμόξο-

213 3675 273 3724 μιιι,
299 3655 303 3723 Ι
329 3659 367 3714 εἰς
390 3647 444 3708 ὦτα
478 3649 587 3717 κλύζων.
634 3655 702 3710 Cum
727 3653 846 3708 Senecae
875 3653 1044 3722 Hippolytus
1067 3668 1215 3705 novercam
1242 3667 1364 3704 amorem

213 3743 315 3798 fassam
344 3744 469 3812 increpet
497 3761 522 3798 v.
542 3745 607 3796 715:
641 3741 721 3810 ‘quis
741 3744 816 3796 eluet
834 3760 878 3796 me
896 3737 1010 3796 Tanais’
1032 3758 1054 3795 a.
1073 3759 1099 3810 q.
1118 3758 1148 3808 a,
1177 3756 1234 3792 nou
1257 3738 1365 3806 dubito,

213 3831 281 3900 quin
300 3833 450 3900 Euripides
468 3831 522 3886 hoc
541 3835 735 3884 ornamentum
757 3831 792 3885 ab
812 3831 909 3884 eadem
928 3829 1020 3883 Velati
1039 3845 1138 3882 scaena
1155 3831 1299 3881 mutuatus
1319 3827 1363 3881 sit.

212 3921 311 3988 Itaque
332 3921 368 3975 ad
387 3921 462 3974 idem
483 3921 625 3989 exemplar
645 3920 825 3974 referendum
845 3919 907 3986 erit,
927 3918 1002 3986 quod
1017 3918 1084 3971 deus
1097 3916 1274 3970 'vaticinatur
1294 3934 1318 3970 v.
1333 3919 1364 3972 13

212 4010 335 4078 puellam
348 4009 435 4063 amati
453 4009 562 4080 iuvenis
580 4009 698 4078 genibus
718 4008 917 4062 advolaturam
935 4025 1006 4075 esae;
1025 4023 1090 4060 nam
1110 4022 1126 4058 a
1144 4009 1201 4058 tam
1221 4005 1299 4074 turpi
1317 4004 1364 4059 ad·

213 4103 309 4166 spectu
328 4098 357 4150 in
376 4099 466 4166 ipsam
484 4114 611 4150 scaenam
630 4097 811 4164 producendo
832 4101 944 4165 poetam
963 4094 1056 4148 Velati
1075 4093 1222 4162 Hippolyti
1241 4111 1299 4146 non
1317 4093 1364 4146 ab·

212 4184 340 4239 horuisse
360 4189 443 4238 antea
461 4185 642 4254 cognovimus
662 4187 699 4254 (p.
719 4187 769 4249 35).
1017 4231 1018 4234 ,

315 4273 586 4328 ⁹Commemoratur
608 4273 638 4326 in
656 4273 793 4343 Leucippi
817 4272 914 4326 fabula
932 4271 1040 4340 (Parth.
1059 4269 1102 4340 V).
1133 4299 1167 4310 -
1196 4269 1362 4338 Apollonius

212 4360 337 4418 Rhodius
356 4363 403 4418 vix
423 4361 533 4419 laudari
552 4365 653 4434 potest,
682 4361 748 4430 quia
767 4365 874 4417 veteres
893 4361 986 4431 epicos
1011 4361 1040 4415 in
1059 4360 1217 4429 exemplum
1235 4358 1364 4428 sumpsit,
