3154 5076
765 435 799 490 19

207 607 402 690 contraxerit,
424 625 486 671 non
508 608 660 690 extemplo
684 608 809 672 abiciat.
856 608 976 689 Itaque,
1005 627 1076 672 com
1098 609 1130 672 in
1152 609 1252 690 primo
1274 608 1354 672 libro

205 707 284 771 nihil
315 707 348 770 id
376 726 473 790 genus
506 707 765 790 deprehendatur,
806 709 897 790 poeta
929 709 1044 772 iterum
1082 709 1166 774 canit
1198 709 1240 787 ΙΙ,
1265 711 1293 773 3.
1317 711 1354 772 8:

204 826 341 872 amorem
364 827 523 889 nunquam
544 809 624 888 tolli,
656 811 749 892 atque
775 808 808 872 in
830 811 976 892 sequente
1006 810 1143 874 carmine
1166 811 1285 874 multus
1308 810 1354 874 est

204 908 242 974 de
264 908 371 974 eadem
392 927 425 974 re
447 909 489 986 ΙΙ,
512 910 542 974 4.
566 910 600 973 7:

346 1029 407 1074 non
429 1011 480 1075 hic
502 1011 596 1075 herba
618 1011 711 1100 valet,
733 1029 796 1075 non
818 1011 869 1075 hic
890 1011 1043 1076 nocturna
1068 1009 1200 1096 Cytaeis,

395 1129 456 1175 non
478 1111 674 1175 Perimedeae
698 1111 841 1192 gramina
861 1112 948 1176 cocta
971 1131 1091 1176 manus.

203 1211 368 1276 Veneficiis
391 1215 495 1277 autem
512 1212 611 1293 primo
634 1212 883 1277 commemoratis
898 1231 1022 1294 prorsus
1044 1213 1150 1276 eodem
1166 1213 1267 1292 modo,
1291 1234 1351 1297 quo

203 1314 309 1377 nostro
339 1313 417 1393 loco,
450 1314 483 1377 in
517 1311 716 1395 sequentibus
753 1313 887 1394 exposite
918 1313 956 1378 de
988 1313 1115 1378 medicis
1149 1316 1264 1398 agitur,
1299 1317 1351 1397 qui

202 1415 359 1479 amantem
381 1415 498 1480 frustra
520 1433 539 1478 a
562 1413 669 1478 funere
690 1431 835 1478 rovocare
860 1414 1016 1478 studeant.
1049 1415 1189 1498 Denique
1210 1417 1243 1479 in
1265 1435 1351 1498 prac-
1427 1487 1434 1495 ⁸

203 1515 286 1579 claro
308 1515 363 1580 illo
385 1515 521 1580 carmine
540 1513 597 1598 IV,
620 1515 729 1597 2411„
765 1513 896 1579 Goethio
922 1515 949 1579 si
972 1516 1054 1598 quod
1081 1534 1219 1598 unquam
1246 1517 1352 1600 digno,

202 1617 292 1697 pocta
324 1617 409 1680 canit
431 1635 459 1680 v.
481 1617 501 1679 9
523 1635 586 1698 sq.:
620 1616 735 1680 amoris
768 1616 873 1698 ignem
903 1617 1072 1702 torrentem
1105 1636 1203 1699 neque
1233 1618 1351 1699 patrios

202 1718 317 1782 amicos
344 1718 403 1782 sibi
432 1718 569 1800 potuisse
597 1719 735 1782 avertere
763 1737 860 1800 neque
884 1717 1064 1782 Thessalam
1093 1736 1201 1800 sagam
1234 1718 1350 1798 eluere;

202 1837 262 1883 non
285 1819 365 1883 ferro
388 1837 449 1884 non
471 1820 544 1902 igne
570 1820 639 1902 cogi
664 1839 695 1884 se
717 1821 862 1902 potuisse,
896 1820 931 1883 ut
953 1817 1104 1902 Cynthiae
1135 1819 1241 1883 laudes
1263 1839 1351 1884 revo-

202 1920 287 1984 caret
298 1921 315 1983 ¹.
347 1920 453 1984 Invito
469 1921 568 2004 igitur
590 1922 694 1986 animo
718 1923 748 1986 et
771 1921 954 2004 cogentibus
969 1919 1078 1984 amicis
1094 1918 1146 2002 (cf.
1158 1920 1182 2002 Ι,
1199 1921 1224 1983 l.
1238 1921 1277 1984 25
1289 1923 1350 2003 sq.)

200 2021 290 2102 poeta
320 2022 419 2085 saucii
448 2022 580 2104 pectoris
619 2022 769 2104 auxilium
801 2022 1053 2103 circumspexisso
1080 2021 1264 2104 cogitandus
1290 2023 1352 2097 est3

201 2132 295 2204 atque
316 2123 375 2186 hoc
398 2141 487 2186 sensu
511 2121 661 2204 gerundia
684 2141 718 2186 eo
741 2123 819 2202 loco,
853 2141 872 2186 a
899 2141 958 2204 quo
988 2121 1139 2200 aberravi,
1172 2121 1350 2203 accipienda

201 2229 282 2287 sunt.
327 2213 419 2302 Quae
435 2224 537 2304 potius
564 2241 669 2287 corum
696 2223 947 2305 interpretationi
981 2223 1117 2302 obstant,
1150 2224 1203 2306 qui
1225 2225 1349 2288 tantum

200 2344 317 2390 venena
332 2325 505 2407 periculosa
524 2324 744 2406 mortiferaque
763 2342 902 2406 perverse
920 2321 1147 2407 intellegant2),
1170 2325 1206 2387 ut
1228 2326 1349 2389 taceam

201 2425 238 2490 de
253 2445 297 2508 eo,
321 2425 400 2508 quod
413 2423 573 2489 Phaedrae
586 2425 697 2507 pocula
719 2444 737 2489 a
760 2443 843 2488 mero
866 2441 982 2489 veneno
1006 2424 1166 2488 mortifero
1182 2425 1249 2490 toto
1266 2425 1349 2490 caelo
1431 2466 1432 2469 =

201 2526 330 2591 distant.
359 2527 458 2592 Immo
481 2525 532 2590 hic
548 2545 668 2591 sensus:
691 2526 764 2590 licet
779 2544 876 2608 usque
892 2525 931 2589 ad
946 2543 1049 2589 necem
1067 2525 1170 2588 omnia
1190 2526 1348 2606 temptam,

189 2619 314 2711 'quihus
337 2627 451 2692 amoris
476 2626 619 2691 flammas
641 2627 847 2709 exstinguam,
879 2625 1019 2704 exitium,
1043 2625 1125 2709 quod
1146 2626 1349 2708 sempiternus
1408 2647 1411 2654 ·
1463 2638 1466 2646 ·

198 2729 249 2792 hic
264 2746 351 2793 amor
367 2730 533 2809 paraturus
550 2730 604 2805 est,
628 2746 689 2792 non
704 2728 838 2792 evitabo.
862 2728 920 2793 Cui
943 2727 1087 2792 videlicet
1109 2727 1199 2808 poeta
1215 2727 1348 2791 alteram

197 2829 394 2904 sententiam,
418 2830 453 2892 ut
468 2828 556 2906 solet,
574 2829 744 2894 assimilat:
767 2847 798 2894 se
813 2830 904 2892 iunius
921 2847 1026 2893 amore
1047 2827 1233 2909 periturum3
1255 2826 1348 2891 fidem

198 2930 280 2994 enim
302 2949 390 3012 saepe
412 2930 569 3012 promittit
592 2930 644 3010 (cf.
669 2931 727 3010 ΙΙΙ,
752 2931 800 2994 13.
826 2931 885 3006 36;
918 2931 967 2994 20.
992 2931 1030 2993 17
1053 2947 1115 3011 sq.;
1149 2928 1200 2992 24.
1222 2930 1263 2992 33
1285 2947 1346 3010 sq.;

192 3031 247 3120 25.
270 3032 346 3112 9sq.
370 3029 423 3114 ΙΙ,
436 3032 485 3095 15.
497 3033 538 3095 46
550 3031 605 3110 H).
649 3031 797 3113 Prospere
821 3031 952 3113 donique
975 3030 1098 3107 accidit,
1122 3027 1347 3111 quodOvidius

196 3131 263 3196 fuso
281 3132 389 3196 narrat
411 3132 552 3197 Medeam
573 3133 604 3196 et
625 3131 733 3196 Circen
749 3132 999 3197 devinctionibus
1015 3132 1046 3194 ot
1062 3130 1215 3194 ueneficiis
1232 3129 1347 3192 frustra

197 3250 320 3314 operam
343 3232 461 3297 dedisse
492 3234 532 3298 ad
555 3233 669 3298 amoris
699 3233 834 3297 furorem
864 3232 1094 3315 reprimendum
1116 3231 1218 3312 (Rem,
1240 3231 1346 3294 Amor.

198 3334 257 3398 261
281 3353 326 3416 sq.
352 3335 412 3398 287
437 3335 508 3416 sp),
530 3335 566 3397 ut
585 3334 648 3398 iam
672 3334 711 3399 ab
733 3333 792 3398 hac
807 3352 929 3416 quoquc
944 3334 1032 3416 parte
1047 3351 1116 3396 mea
1130 3331 1346 3412 interpretatio

197 3435 268 3499 tuta
290 3435 340 3499 sit.
386 3435 428 3498 At
449 3454 528 3499 unus
550 3436 648 3499 restat
669 3434 708 3498 ad
732 3433 997 3516 interpretandum
1020 3451 1124 3498 versus
1147 3434 1202 3496 52:
1222 3429 1345 3514 ‘pocula

300 3671 309 3703 ¹
330 3671 453 3725 Medium
472 3689 584 3726 carmen
604 3689 636 3726 eo
656 3690 786 3726 versuum
805 3672 912 3741 ordine,
940 3689 995 3740 quo
1015 3689 1090 3726 nunc
1107 3672 1219 3742 legitur,
1248 3674 1346 3740 aptum

199 3775 308 3812 sensum
328 3776 385 3812 non
402 3761 527 3828 praebet,
557 3779 723 3830 quocunque
744 3762 827 3815 modo
845 3779 871 3816 v.
891 3763 907 3814 9
927 3779 966 3829 sq.
986 3759 1180 3828 interpretaris
1204 3763 1232 3813 et
1251 3776 1346 3826 qnam-

199 3865 307 3916 cunque
325 3866 421 3903 versus
442 3850 475 3900 12
494 3849 667 3903 curationem
685 3853 815 3918 temptas.
846 3849 1016 3903 Movendnm
1034 3865 1092 3925 esse
1111 3866 1128 3902 a
1146 3865 1195 3901 suo
1214 3847 1276 3900 loco
1290 3863 1347 3900 non

197 3941 309 3991 tantum
322 3937 462 3991 distichon
475 3956 502 3993 v.
518 3941 631 4007 13-14,
650 3939 845 3992 verumetiam
864 3942 995 3992 monente
1013 3954 1057 3990 me
1076 3935 1247 3990 Buechelero
1266 3951 1346 4004 prac-

199 4024 297 4079 cedens
316 4030 345 4080 et
363 4025 510 4080 inserenda
528 4027 577 4080 illa
596 4031 660 4096 post
679 4045 705 4081 v.
720 4029 911 4096 &persuasum
923 4025 1022 4080 habeo.
1050 4025 1122 4078 Tum
1136 4024 1246 4077 demum
1259 4040 1345 4076 unum

199 4113 328 4182 quodque
340 4113 458 4167 verbum
469 4115 562 4180 habet,
582 4133 637 4184 quo
648 4120 713 4183 apte
726 4115 873 4182 referatur,
893 4119 922 4168 e‘t
936 4113 1086 4182 descriptio
1099 4112 1229 4182 naufragi
1242 4111 1345 4165 amoris

198 4200 348 4256 artificiose
367 4204 561 4272 progreditur;
580 4222 606 4259 v.
623 4207 653 4257 ll
672 4222 710 4272 sq.
730 4205 820 4258 scribe
833 4221 896 4258 cum
909 4203 1045 4271 Hauptio:
1064 4200 1103 4257 ‘et
1115 4203 1175 4272 ipse
1185 4199 1344 4270 Naufragus

198 4292 311 4360 Aegaea
328 4309 396 4345 vera
416 4290 525 4346 fatebar
548 4288 626 4360 aque'
647 4292 700 4347 hoc
723 4308 815 4348 sensu:
836 4297 919 4361 atque
944 4293 1013 4347 adeo
1038 4292 1190 4362 naufragus
1211 4289 1345 4359 Cynthiae

198 4377 295 4431 laudes
313 4395 393 4432 veras
411 4395 470 4433 esse
488 4380 688 4434 asseverabam.

302 4465 313 4498 ²
332 4466 371 4520 Cf.
390 4466 494 4521 Tibull.
513 4467 548 4530 Π,
567 4469 592 4521 4.
613 4469 647 4522 bh
666 4486 706 4537 sq.
726 4467 808 4537 Prop.
828 4467 850 4535 1,
869 4469 893 4522 5.
913 4471 943 4537 63
962 4467 1012 4530 111,
1032 4469 1076 4522 24.
1096 4467 1128 4520 27
1149 4484 1190 4535 sq.
1208 4465 1242 4520 H.
