3154 5076
782 415 817 468 56

224 591 264 654 ab
279 588 464 670 Aesculapio
485 588 517 652 in
535 588 633 653 vitam
654 588 834 652 revocatum
856 588 890 651 in
913 586 1136 652 valleAricina
1159 584 1320 650 collocarit
1342 586 1374 649 et

225 690 313 754 cultu
336 688 465 753 ornarit.
510 687 605 752 Cuius
628 689 730 754 cultus
749 687 922 772 singularia
937 687 1224 769 Metamorphoseon
1242 687 1373 752 carmini

223 809 334 872 parum
348 789 559 854 convenientia
573 791 664 871 poeta
676 789 765 870 quasi
776 787 898 870 supplet
913 787 995 852 Fast.
1008 787 1064 872 111,
1076 790 1138 851 259
1148 807 1206 870 sq,
1229 788 1283 852 ubi
1295 788 1372 870 ilge-

223 891 302 955 riam
325 889 494 974 nympham
517 888 681 955 adlocutus
704 888 741 954 de
764 889 845 954 valle
869 889 994 954 Aricina
1014 890 1090 955 haec
1112 888 1229 972 profert
1244 909 1271 954 u.
1295 890 1372 953 265:

373 1007 424 1072 hic
445 1008 523 1073 latet
545 1008 734 1092 Hippolytus
756 1007 847 1072 furiis
871 1007 1010 1090 direptus
1035 1026 1195 1091 equorum,

435 1108 516 1174 unde
539 1126 646 1173 nemus
668 1109 763 1173 nullis
785 1108 863 1173 illud
888 1108 994 1174 aditur
1017 1109 1112 1192 equis.

223 1210 310 1275 Idem
334 1210 471 1291 perhibet
495 1210 653 1292 Vergilius
676 1210 765 1290 (Aen.
790 1210 861 1294 VIl,
884 1211 944 1275 778
967 1211 1039 1293 sq),
1071 1230 1161 1293 quem
1183 1209 1308 1276 Servius
1329 1211 1373 1275 sic

227 1309 470 1376 commentatur:
505 1307 646 1393 ‘exponit
674 1305 713 1373 ud
748 1303 876 1391 ct'rrou3
909 1331 982 1376 nam
1005 1310 1219 1377 Callimachus
1251 1312 1374 1395 scripsit

227 1405 517 1494 1111111111111
545 1412 640 1476 etiam
666 1412 726 1476 hoc
752 1413 985 1477 commemorat'
1003 1415 1022 1476 ¹.
1066 1412 1245 1478 Memineris
1268 1415 1373 1478 autem

223 1512 417 1579 reconditum
451 1513 564 1594 aetion,
602 1531 657 1576 cur
689 1513 795 1578 nullus
827 1514 912 1578 canis
939 1513 1052 1578 Delum
1083 1513 1218 1590 accedat,
1252 1515 1374 1595 praeter

225 1614 452 1680 Callimachum
465 1613 538 1696 (hg.
552 1612 688 1698 escun.)
705 1614 852 1679 Ovidium
870 1633 991 1697 quoquo
1010 1615 1154 1698 attigisse
1170 1615 1228 1691 (Ib.
1241 1615 1302 1679 475
1315 1616 1374 1697 sq.)

224 1717 255 1780 et
276 1733 396 1780 meeum
418 1715 569 1797 exquiras,
592 1734 665 1779 num
691 1715 738 1778 illi
762 1715 1050 1797 Metamorphoseon
1073 1715 1140 1780 loco
1164 1716 1272 1799 insint,
1295 1734 1373 1798 quae

224 1814 394 1880 Battiadae
416 1816 525 1894 artem,
549 1834 641 1898 quam
659 1817 814 1881 Nasonem
839 1818 960 1896 saepius
983 1816 1136 1881 sectatum
1159 1835 1224 1882 esse
1239 1819 1372 1893 constat,

224 1917 350 1998 spirent.
395 1915 553 1981 Nimirum
575 1916 657 1999 quod
677 1917 808 1982 Ouidius
836 1916 874 1980 de
904 1915 1038 1980 nominis
1067 1917 1241 1982 mutatione
1274 1918 1373 1983 tradit

223 2037 252 2083 v.
276 2017 337 2081 542
361 2035 427 2100 sq:

473 2137 647 2201 nomenque
669 2119 774 2198 simul,
798 2119 880 2202 quod
902 2119 1000 2201 possit
1018 2138 1168 2202 equorum

373 2219 578 2298 admonuisse,
609 2220 696 2284 iubet
722 2220 881 2302 deponere,
912 2210 998 2304 ‘qui'
1027 2240 1086 2304 quo
1116 2215 1223 2287 ‘fuisti

372 2310 589 2406 Hippolytus',
610 2321 690 2385 dixit
709 2319 807 2386 ‘nuuc
828 2321 910 2387 idem
933 2321 1060 2387 Virbius
1084 2322 1172 2402 esto',

224 2422 435 2489 admonefecit
466 2441 522 2487 uos
548 2421 712 2506 Hippolyti
741 2422 830 2486 furiis
863 2441 1012 2506 equorum
1041 2423 1165 2507 direpti,
1198 2442 1258 2507 quo
1292 2423 1370 2488 illud

223 2526 328 2590 aetion
347 2524 525 2607 explicatur.
568 2522 747 2588 Artificiosa
775 2525 880 2589 autem
903 2524 1068 2589 antithesis
1090 2525 1261 2608 nominum,
1293 2544 1371 2607 quae

223 2627 328 2709 aperte
355 2624 561 2707 veriloquium
588 2624 755 2708 significat,
787 2626 970 2707 interpretes
991 2624 1084 2709 fugit.
1129 2625 1211 2690 Nam
1244 2624 1371 2710 syllabis

221 2715 339 2810 ‘lytus'
361 2727 391 2790 et
412 2720 509 2790 ‘bius’
534 2743 616 2790 mors
637 2727 667 2790 et
689 2727 755 2792 vita
778 2724 875 2808 (βίος)
902 2726 983 2792 11111
1011 2746 1042 2792 11
1064 2729 1277 2810 opponuntur;
1310 2747 1370 2811 quo

221 2828 324 2894 tendit
345 2827 504 2917 Lactantii
526 2827 604 2892 illud
628 2828 698 2909 (Ov.
715 2829 788 2893 Met.
810 2829 869 2894 XV
892 2829 913 2893 1.
938 2830 1010 2908 45);
1040 2822 1242 2895 ‘econverso
1265 2829 1371 2912 itaque

158 2931 160 2936 “
223 2928 347 2992 nomine
374 2929 448 2993 deus
470 2929 597 2994 Virbius
626 2931 672 2994 est
699 2919 889 3012 appellatus'
916 2933 947 2995 et
970 2931 1128 3014 Vergilius
1151 2931 1171 2995 l.
1193 2931 1214 3000 1.
1238 2951 1266 2996 v.
1291 2932 1371 2996 777:

220 3022 386 3112 ‘versoque
401 3030 454 3094 ubi
477 3031 601 3095 nomine
617 3031 743 3096 Virbius
766 3031 866 3096 esset'.
907 3032 1063 3097 Debemus
1084 3032 1193 3114 igitur,
1215 3032 1247 3096 ni
1268 3032 1370 3110 fallor,

222 3131 457 3196 subauscultare
484 3124 634 3216 ἡρώβιον,
672 3132 759 3196 01111
792 3131 956 3214 veriloquii
988 3133 1202 3197 testimonium
1236 3134 1371 3198 exstat&

325 3283 333 3313 ¹
353 3281 419 3351 Frg.
440 3285 455 3332 7
475 3279 556 3335 Schn.
576 3281 609 3334 In
627 3281 787 3351 indagando
808 3282 878 3345 loco,
899 3300 982 3350 quem
1003 3283 1056 3338 hoc
1074 3283 1263 3354 fragmentum
1275 3287 1372 3339 tenere

222 3369 356 3437 potuerit,
383 3370 503 3423 multum
530 3369 635 3423 laboris
659 3371 715 3424 viri
737 3371 814 3425 docti
833 3375 1074 3440 consumpserunt.
1113 3371 1264 3427 Schneider
1290 3371 1372 3442 (Call.

222 3456 249 3510 Il
267 3475 294 3527 p.
313 3458 419 3526 7211.)
438 3462 467 3511 et
484 3457 628 3528 Herzberg
651 3459 826 3527 (Zeitsohrift
848 3459 895 3513 fiir
910 3460 1098 3515 Alterthwiss.
1122 3462 1187 3514 1817
1212 3478 1239 3529 p.
1254 3463 1315 3530 133)
1341 3461 1372 3514 in

222 3546 313 3615 primo
327 3547 466 3602 sotiorum
478 3547 551 3600 libro
565 3552 662 3616 aptum
675 3548 767 3602 locum
778 3549 917 3603 invenisse
933 3549 987 3604 eibi
999 3549 1053 3603 visi
1067 3554 1143 3616 sunt;
1164 3552 1262 3603 contra
1274 3547 1372 3603 Rauch

222 3634 301 3705 (Frg.
320 3635 347 3688 d.
367 3634 436 3690 Gall.
456 3653 483 3704 p.
503 3636 548 3704 28)
568 3636 598 3689 in
617 3638 715 3690 altero.
752 3637 837 3706 Apud
856 3643 993 3707 utrosque
1011 3637 1093 3692 firma
1111 3643 1278 3709 argumenta
1300 3638 1371 3693 desi·

222 3724 341 3788 derabis,
362 3745 427 3780 nam
443 3726 550 3780 incerta
567 3727 681 3782 incertis
694 3728 833 3782 nituntur.
862 3728 957 3783 Donec
970 3728 1087 3791 felicius,
1102 3746 1186 3797 quam
1200 3727 1370 3782 Schneidero

221 3814 349 3884 contigit,
369 3819 397 3868 et
415 3815 537 3883 uberius,
557 3833 642 3883 quam
652 3815 777 3870 Rauchio
789 3817 877 3883 licuit,
896 3817 1080 3871 constitutum
1098 3817 1160 3884 erit,
1180 3816 1248 3885 quid
1261 3832 1371 3886 quoque

221 3900 293 3955 libro
315 3905 468 3956 tractatum
486 3903 531 3971 111,
551 3904 650 3958 melius
669 3904 741 3958 duco
761 3905 936 3960 coniectandi
956 3904 1140 3974 cupiditatem
1159 3901 1319 3973 reprimere.

323 3991 334 4023 ²
351 3992 450 4046 Altera
468 3991 561 4046 Virbii
581 3993 756 4048 derivatione
776 4012 793 4048 1
810 3991 869 4048 ‘bis
887 3991 955 4066 vir’,
984 4013 1069 4063 quam
1088 3995 1136 4049 vix
1156 3993 1261 4050 Graeco
1280 4008 1371 4048 exem·

221 4078 295 4146 plari
315 4079 439 4150 adapta,
461 4081 611 4144 subaudita
630 4083 744 4136 nomina
762 4101 818 4137 non
837 4087 895 4137 tam
914 4082 1064 4138 artificiose
1084 4084 1159 4138 inter
1178 4100 1209 4136 se
1227 4083 1370 4151 opponun-

223 4172 278 4221 tur.
298 4198 330 4208 —
352 4167 492 4237 Quattuor
513 4175 606 4225 autern
624 4170 773 4239 proferunt
792 4172 913 4226 nominis
932 4189 1040 4227 causae:
1061 4189 1119 4226 esse
1137 4173 1229 4226 virurn
1252 4171 1294 4226 bis
1314 4170 1370 4225 fae·

221 4261 282 4311 tum
301 4257 461 4311 sutrinum
479 4257 584 4312 bonum
604 4263 651 4313 aut
670 4259 818 4314 herobium
837 4265 971 4329 tanquam
997 4256 1072 4331 ἥρωα
1095 4253 1299 4327 ἀναβεβιωκότα
1321 4263 1371 4313 111

221 4345 312 4415 deum,
331 4346 379 4415 qui
398 4346 512 4400 Viribus
531 4347 651 4417 praesit;
673 4347 707 4403 cf.
729 4348 850 4403 Cassiod.
870 4348 904 4403 de
923 4349 1050 4421 orthogr.
1069 4367 1096 4419 p.
1117 4352 1150 4403 81
1170 4349 1204 4405 Κ.
1216 4348 1369 4404 Buecheler

220 4433 273 4490 Rh.
293 4434 363 4489 Μ11.
384 4434 488 4489 XXXV
506 4453 534 4504 p.
556 4437 599 4491 69.

1571 1355 1574 1512 1

1572 1661 1574 1782 1

1573 3537 1575 3628 l
