3154 5076
735 445 771 500 ab

113 677 124 704 ⁴
180 613 250 680 lisse
282 614 423 694 elucebit,
459 616 485 680 si
515 616 555 680 ad
577 616 656 681 alias
677 616 870 682 imitationes
890 637 1072 700 praeversus
1095 638 1163 695 στος
1194 620 1269 685 item
1293 619 1332 686 ad

179 713 304 796 singula
326 715 485 781 Phaedrae
506 715 665 782 Romanae
699 717 792 782 verba
828 719 936 799 postea
970 719 1094 784 redeam
1129 738 1250 786 necesse
1276 721 1331 784 est.

179 813 307 880 lnterim
329 835 465 882 arcessas
487 836 531 896 66,
566 835 645 899 quae
666 817 726 882 Leo
749 817 825 894 (1.1.
849 836 880 899 p.
906 819 978 896 177)
1000 818 1184 902 disputavit,
1220 821 1331 903 quihus

179 915 304 997 quidem
324 935 372 982 res
395 936 456 982 non
479 919 627 982 exhausta
651 918 706 982 est.
752 918 833 982 Nam
859 918 941 1001 quod
956 919 1107 984 Phaedra
1134 919 1273 986 affirmat
1300 941 1332 986 se

179 1015 234 1080 nni
248 1016 393 1100 privigno
408 1019 524 1083 mutari
547 1037 715 1101 respersam
739 1019 826 1084 nulla
848 1019 1112 1100 laheintactam,
1136 1021 1331 1086 innocentem

177 1115 263 1197 (Son.
277 1138 306 1183 v.
321 1119 411 1201 668),
433 1119 466 1184 16
482 1139 597 1204 rursus,
620 1121 647 1185 si
663 1120 737 1202 quid
753 1139 901 1203 unquam,
924 1121 1047 1204 egregio
1066 1123 1245 1187 illustratur
1256 1123 1331 1190 Ovi·

178 1219 223 1284 dii
245 1221 348 1286 verbis
370 1221 445 1285 Her.
468 1221 523 1298 lv,
549 1222 585 1285 17
609 1240 672 1303 sq.:

329 1341 390 1386 non
412 1340 469 1404 ego
492 1322 631 1404 nequitia
653 1321 781 1386 socialia
805 1322 928 1387 foedera
951 1309 1113 1405 rumpam;

379 1421 473 1500 fama,
496 1421 591 1486 velim
614 1441 754 1504 quaeras,
779 1422 907 1486 crimine
930 1425 1036 1488 nostra
1060 1424 1161 1488 vacat.

177 1523 270 1588 quta
306 1522 412 1587 autem
442 1521 545 1605 pergit
578 1540 614 1586 66
639 1523 665 1586 si
691 1541 849 1605 nunquam
873 1524 997 1600 amarit,
1034 1524 1184 1588 maritum
1209 1544 1329 1607 nempe:

175 1617 282 1688 ‘venit
307 1641 394 1687 amor
415 1624 552 1706 gravius,
574 1640 636 1704 quo
658 1624 766 1688 serius’
792 1643 816 1688 6.
841 1644 870 1707 q.
894 1643 919 1688 s.
946 1625 998 1703 (cl.
1025 1644 1051 1688 v.
1075 1626 1115 1688 29
1137 1627 1205 1706 squ,
1234 1645 1329 1707 quarn

176 1721 255 1786 satis
278 1722 443 1789 delicatam
466 1725 687 1806 cogitationem
715 1723 848 1790 Senecae
869 1726 975 1790 verba:
996 1720 1145 1800 ‘intacta
1169 1727 1325 1792 innocens'

176 1824 260 1888 tecte
282 1823 470 1906 significant.
509 1859 540 1870 -
579 1824 729 1907 Denique,
761 1825 843 1907 quod
867 1825 994 1890 maximi
1016 1825 1158 1908 ponderis
1181 1830 1236 1908 est,
1268 1846 1329 1891 non

176 1925 394 2004 dubitandum,
426 1926 502 2008 quin
535 1926 567 1989 iu
601 1945 711 1991 scaena
734 1927 901 2008 Euripiden
923 1926 1066 1992 Phaedra
1096 1945 1128 1990 se
1160 1927 1328 2009 supplicem

176 2025 348 2109 Hippolyto
378 2027 534 2092 abiecerit.
589 2027 672 2092 Nam
705 2028 761 2092 aut
795 2027 872 2091 nihil
903 2027 992 2091 video
1020 2028 1076 2092 aut
1102 2028 1136 2091 in
1159 2026 1330 2093 Ovidianae

176 2127 339 2192 Phaedrae
358 2128 459 2192 verbis
486 2131 626 2193 tenemus
649 2127 787 2193 vividam
813 2129 951 2210 aliquam
974 2128 1154 2208 tragoediae
1184 2147 1327 2194 scaenam

176 2248 205 2294 v.
222 2229 295 2293 149:
316 2222 394 2292 ‘non
410 2247 467 2312 ego
483 2228 633 2310 dedignor
645 2229 770 2311 supplex
785 2229 972 2310 humilisque
987 2219 1129 2310 precari,
1153 2247 1180 2293 v.
1196 2230 1256 2294 153
1267 2249 1328 2312 sq.:

174 2321 278 2394 ‘victa
301 2348 415 2410 precor,
444 2330 635 2411 genibusque
658 2331 722 2393 tuis
744 2331 862 2412 regalia
885 2330 980 2394 tendo
1003 2319 1172 2394 Bracchia'
1187 2334 1205 2393 ¹.
1250 2329 1327 2394 Cum

177 2448 239 2512 quo
273 2429 388 2494 Seneca
421 2428 549 2494 mirifice
582 2430 727 2512 congruit
759 2449 788 2494 v.
819 2431 881 2495 666
908 2441 969 2512 sq.':
998 2424 1055 2494 ‘en
1089 2430 1214 2512 supplex
1247 2430 1328 2494 iacet

177 2530 317 2612 Adlapsa
338 2531 468 2611 genibus
501 2531 604 2613 regiae
629 2531 729 2612 proles
762 2531 896 2595 domus’.
942 2531 1059 2610 Quibus
1088 2531 1242 2611 adiungas
1272 2530 1328 2596 Ov.

174 2651 202 2696 v.
230 2631 303 2695 156:
333 2624 391 2694 ‘da
413 2631 535 2695 veniam
559 2631 658 2695 fassae
680 2631 818 2712 duraque
841 2631 934 2696 corda
956 2622 1080 2695 domai'
1102 2634 1133 2694 et
1154 2631 1225 2697 Seu.
1250 2632 1327 2696 671:

171 2725 334 2796 ‘miserere
361 2731 508 2796 amantis'
543 2767 577 2776 -
610 2750 689 2813 quae
708 2731 849 2812 tragicae
872 2731 1031 2796 Phaedrae
1052 2733 1233 2815 imprecatio
1255 2753 1327 2816 gra-

173 2833 331 2898 dationem
357 2851 504 2913 perquam
533 2831 688 2897 efficacem
712 2832 841 2911 exhibet,
877 2833 1000 2914 quaudo
1022 2833 1078 2896 1116
1101 2838 1192 2898 66666
1215 2853 1242 2897 v.
1266 2835 1327 2898 623

173 2934 213 2999 66
238 2933 337 3030 multo
360 2931 607 2996 verecundiorem
631 2951 749 3014 precem
773 2933 988 2997 descenderat:
1008 2927 1326 2999 ι6616666666166661Ι

174 3033 354 3098 Admodum
377 3035 481 3097 autom
503 3033 665 3114 probabile
687 3033 890 3115 Hippolytum
913 3033 945 3096 in
968 3034 1033 3097 tarn
1057 3032 1146 3096 foedo
1179 3032 1327 3115 adspectu

173 3135 320 3217 pudorem
354 3153 412 3198 non
440 3135 541 3198 verbis
565 3136 688 3199 tantum
720 3134 793 3216 (frg.
817 3136 895 3199 439:
929 3120 955 3196 ui
984 3135 1092 3198 πότνι’
1122 3129 1223 3210 αἰδώς
1249 3134 1328 3214 κτλ.)

172 3237 427 3301 manifestantem
451 3237 544 3314 caput
562 3236 746 3299 vestimento
769 3235 951 3313 obvolvisse‚
985 3235 1066 3299 unde
1089 3235 1194 3299 fabula
1217 3253 1327 3299 nomen

173 3337 309 3416 invenit,
339 3339 375 3401 ut
403 3337 491 3418 Toup
526 3338 556 3400 66
579 3336 722 3401 Welcher
757 3337 983 3400 coniecerunt&
1028 3335 1162 3418 Repulsa
1186 3335 1327 3400 Phaedra
1356 3389 1357 3396 ,

172 3439 286 3503 iterum
321 3437 459 3520 privigni
491 3437 622 3519 genibus
655 3436 834 3501 advolvitur
863 3455 891 3500 v.
921 3437 990 3514 703,
1025 3439 1119 3518 atque
1142 3437 1237 3500 etiam
1260 3455 1328 3500 arn·

173 3538 324 3621 plectitur
351 3557 420 3602 eum
442 3557 471 3601 v.
496 3538 575 3610 705;
609 3537 691 3619 quod
722 3537 796 3619 quin
827 3535 960 3601 maxime
988 3537 1089 3601 visum
1113 3538 1155 3600 sit
1178 3531 1328 3618 ἀπρεπὲς

279 3759 286 3790 ¹
308 3757 354 3812 Sic
380 3757 529 3812 adducitur
557 3759 636 3826 quasi
661 3759 690 3811 in
714 3775 842 3811 scaenam
866 3757 956 3826 ipsam
970 3757 1039 3810 ·Iole
1059 3758 1170 3826 captiva
1189 3756 1238 3811 Ov.
1259 3757 1324 3812 Her.

173 3845 224 3914 lx,
246 3845 293 3898 121
316 3845 351 3900 cl.
371 3845 434 3899 Birt
453 3846 472 3899 l.
491 3846 509 3900 1.
529 3863 555 3914 6.
576 3847 637 3900 467.

278 3934 289 3966 ²
308 3933 348 3988 cf.
359 3933 416 3988 Leo
436 3934 482 3986 1.1.
494 3951 520 4002 p,
537 3936 584 3986 182
595 3935 659 4002 (276.
680 3933 811 3987 Phaedra
822 3939 906 4002 caput
923 3933 1030 4002 pudore
1049 3931 1175 3986 obvolvit
1184 3931 1251 3986 Eur.
1262 3931 1326 4000 Hip.

175 4023 238 4087 263,
249 4022 316 4076 item
328 4021 461 4076 Hercules
474 4022 541 4076 Eur.
554 4022 620 4076 Her.
631 4021 686 4076 166.
699 4024 767 4074 1198
779 4039 818 4090 sq.
831 4021 1017 4075 -Pausaniae
1027 4020 1126 4082 11120.
1135 4022 1167 4072 10
1177 4037 1217 4088 sq.
1228 4025 1327 4074 narrat

175 4109 377 4178 66Ρ6661666,
406 4127 469 4163 cum
488 4111 523 4164 ab
544 4110 626 4164 Ulixe
645 4111 878 4178 interrogaretur,
903 4109 1024 4162 velletne
1044 4125 1072 4162 se
1090 4109 1168 4176 sequi
1194 4125 1229 4161 66
1253 4108 1328 4176 6666

174 4201 285 4266 patrem
309 4215 465 4252 remanere:
494 4202 539 4250 καὶ
560 4196 609 4262 τὴν
632 4193 841 4263 ἀποκρίνασθαί
864 4213 952 4267 φασιν
976 4192 1071 4249 οὐδέν·
1098 4197 1329 4264 ἰγκαλοψαμένης

176 4286 209 4338 δὲ
228 4284 298 4354 πρὸς
315 4285 345 4339 τὸ
366 4281 492 4356 ἐρώτημα
509 4279 622 4354 Ἰκάριος
639 4284 688 4350 τὴν
706 4289 769 4354 μέν,
788 4279 834 4336 ἅτε
854 4281 888 4350 δὴ
909 4288 1012 4342 συνιεὶς
1032 4281 1067 4341 ὡς
1081 4281 1202 4350 βούλεται
1217 4279 1328 4336 ἀπιέναι
1400 4282 1401 4286 ’

176 4372 247 4444 μετὰ
264 4371 423 4442 Ὀδυσσέως,
442 4369 568 4443 ἀφίησιν,
588 4365 700 4442 ἄγαλμα
721 4372 752 4424 δὲ
772 4367 908 4437 ἀνέθηκεν
926 4371 1036 4431 Αἰδοῦς,
1066 4371 1185 4424 ἐνταῦθα
1208 4365 1261 4438 γὰρ
1282 4369 1328 4434 τῆς

174 4455 244 4514 ὁδοῦ
261 4457 438 4532 προήκουσαν
456 4454 507 4528 ἤδη
527 4459 575 4528 ιὴν
593 4455 759 4527 Πηνελόπην
776 4462 904 4529 λέγουσιν
922 4455 1143 4528 ἐγκαλύψασθαι.
