3154 5076
734 413 767 464 61

178 582 404 650 Callimachum
431 583 532 666 ipsum
562 584 589 649 ei
616 585 655 649 ad
679 604 789 650 manus
817 584 913 650 131333
940 585 1037 650 nolim
1059 585 1234 652 existimare
1255 605 1327 669 pro·

179 686 295 766 pterea,
322 684 404 768 quod
429 685 495 749 fuse
519 703 649 767 poenam
670 687 892 750 commemorat
906 687 948 764 (v.
965 687 1025 752 770
1039 687 1110 769 sq),
1133 704 1194 770 qua
1209 687 1329 769 Iupiter

177 786 396 868 Aesculapium
420 786 533 867 afficit3
566 788 678 851 tritum
710 788 774 852 iarn
802 788 873 852 inde
901 789 940 853 ab
968 789 1106 871 antiquis
1134 787 1325 871 temporibus

177 889 403 966 ornamentum,
427 888 517 968 quale
534 889 696 954 Battiades
719 890 843 954 silentio
866 890 1033 971 praeterire
1055 890 1183 954 solebat.
1215 889 1324 971 Neque

176 987 335 1068 probabile
359 988 405 1052 est
428 989 561 1071 Vergilii
583 991 857 1055 commentatorem
879 991 980 1072 ipsum
997 989 1224 1055 Callimachum
1240 1009 1325 1055 com·

177 1088 296 1169 pilasse.
343 1090 387 1153 At
409 1089 557 1154 Varronis
581 1090 662 1155 aetia
687 1092 797 1173 quater
818 1091 928 1156 laudat
961 1089 1014 1173 (31.
1038 1090 1188 1156 Merehlin
1210 1089 1323 1157 Philol.

176 1189 451 1273 inpetranda
483 1191 576 1256 semel
601 1191 646 1255 sio
668 1192 759 1273 (Aen.
781 1193 805 1276 I,
827 1193 917 1272 leur:
950 1187 1055 1258 ‘cuius
1082 1193 1126 1256 rei
1153 1186 1191 1256 ed
1218 1184 1324 1255 αἴτιον

177 1291 197 1354 1.
221 1311 245 1354 3.
269 1310 395 1357 eausam
418 1293 517 1357 Varro
551 1290 776 1358 Callimachum
811 1296 935 1358 secutus
967 1293 1126 1376 exposuit'.
1169 1294 1207 1357 In
1240 1312 1323 1358 oom-

177 1392 329 1456 mentario
351 1393 455 1458 autern
479 1392 518 1457 ad
542 1393 683 1458 nostrum
706 1393 809 1458 locum
824 1394 1053 1459 Varronianam
1069 1393 1243 1459 doctrinam
1259 1394 1325 1460 fur·

176 1494 258 1558 13333
269 1493 351 1574 33311
365 1493 464 1557 Virbii
481 1493 614 1558 nominis
636 1513 654 1558 a
670 1487 735 1559 ‘bis
750 1485 813 1558 vir'
829 1494 980 1559 derivatio
995 1496 1089 1576 atque
1103 1495 1197 1560 etiarn
1213 1497 1323 1578 magis,

177 1595 258 1676 quod
282 1596 407 1660 Virbius
430 1615 542 1661 numen
566 1597 766 1662 coniunctum
790 1596 909 1660 Dianae
929 1597 1058 1661 vocatur
1081 1595 1176 1677 (idem
1192 1596 1231 1660 ad
1246 1602 1322 1662 Aen.

177 1697 230 1775 VI,
255 1697 321 1779 14);
356 1719 428 1763 nam
450 1698 600 1763 Varronis
617 1698 796 1763 testimonia
819 1699 857 1762 de
881 1699 1009 1763 deorum
1038 1698 1201 1780 generibus
1224 1699 1254 1762 31
1275 1698 1323 1761 13-

178 1797 246 1862 dole
269 1797 393 1863 Servius
416 1819 476 1863 non
499 1799 592 1864 semel
612 1800 737 1864 tantum
752 1799 982 1864 commentariis
997 1799 1126 1863 inseruit
1143 1798 1195 1878 (31.
1207 1798 1324 1863 Merkel

176 1899 258 1965 Prol.
273 1920 302 1982 p.
315 1900 509 1985 CLXXXV).
546 1902 637 1984 Apud
651 1902 797 1968 Ovidium
821 1920 891 1967 vero
910 1901 1101 1984 Hippolytus
1123 1900 1160 1965 de
1182 1919 1213 1965 se
1235 1918 1324 1982 prae·

175 2001 260 2066 dicat
283 2003 358 2068 Met.
381 2003 451 2084 XV,
474 2004 536 2067 545
558 2022 625 2085 sq:

324 2106 383 2170 hoc
404 2123 511 2170 nemus
533 2105 605 2170 inde
626 2106 710 2194 colo,
729 2105 765 2170 de
787 2106 895 2188 disque
918 2105 1089 2171 minoribus
1111 2123 1191 2170 unus

324 2207 451 2272 numine
472 2206 530 2271 sub
550 2206 692 2272 dominae
714 2206 796 2271 lateo
818 2209 912 2289 atque
932 2224 1093 2272 accenseor
1113 2205 1170 2268 illi.

175 2306 263 2372 Unde
288 2326 419 2390 pronum
448 2308 495 2372 est
523 2307 668 2391 colligere
703 2307 814 2372 Ouidio
846 2309 969 2390 praeter
992 2306 1218 2372 Callimachum
1241 2305 1322 2370 Var-

175 2427 280 2472 ronem
304 2409 336 2472 in
359 2409 503 2491 promptu
523 2408 626 2474 131333.
659 2409 818 2474 Nimirum
839 2408 921 2472 idem
947 2408 1172 2490 antiquitatum
1198 2405 1322 2489 peritis-

174 2510 271 2574 simus
301 2510 433 2592 scriptor
463 2510 601 2576 subsidia
630 2529 794 2594 suggerere
820 2511 922 2592 potuit
945 2509 1036 2575 alteri
1059 2509 1224 2574 Fastorum
1252 2509 1320 2573 loco

174 2610 245 2686 (ΙΙΙ,
268 2613 328 2676 261
345 2613 402 2693 sq.)
427 2611 609 2691 exornando,
634 2629 694 2694 quo
717 2613 808 2693 poeta
827 2611 858 2674 in
882 2610 973 2675 vallis
990 2611 1135 2676 Aricinae
1156 2611 1252 2676 sacris
1272 2610 1321 2674 in·

174 2711 294 2776 31113113
316 2712 512 2777 illustrandis
531 2713 729 2777 immoratur.

273 2815 341 2878 Iam
363 2834 434 2880 vero
458 2834 604 2897 quaerere
632 2815 761 2898 oportet,
794 2834 870 2879 num
897 2815 928 2878 in
959 2815 1029 2880 aliis
1052 2813 1167 2880 fabulis
1190 2811 1319 2894 lateant,

174 2933 253 2998 quae
275 2915 313 2979 ad
342 2916 465 2980 nostrae
491 2916 645 2998 exemplar
672 2917 711 2980 ah
733 2915 880 2998 Euripide
906 2915 1098 3008 propositum
1127 2910 1319 2978 conformata

173 3015 246 3080 sint.
290 3017 328 3080 In
350 3036 411 3098 qua
434 3017 612 3099 quaestione
629 3017 757 3082 Ovidius
775 3017 1054 3082 Alexandrinorum
1075 3015 1192 3080 assecla
1213 3031 1319 3079 rursus

173 3117 332 3198 aptissime
361 3118 444 3184 riam
477 3118 653 3200 patefaciet,
687 3139 749 3201 qua
774 3119 842 3183 tute
865 3118 905 3184 ad
928 3136 1041 3200 paucas
1066 3116 1162 3198 ipsius
1187 3114 1320 3178 Alexan·

172 3217 280 3283 drinae
301 3219 398 3300 poesis
421 3221 568 3303 reliquias
592 3220 735 3302 progredi
758 3220 920 3302 possimus.
963 3218 1046 3283 Nam
1071 3215 1218 3300 Byblidos
1234 3215 1321 3297 Myr-

172 3320 307 3401 rhaeque
329 3321 442 3386 fabulis
465 3341 483 3386 3
505 3323 595 3403 33313
611 3322 752 3386 Bomano
775 3321 841 3385 fuse
863 3320 1008 3385 tractatis
1024 3316 1189 3383 manifesta
1203 3315 1320 3379 indicia

171 3419 270 3486 inesse
302 3422 463 3502 contendo,
498 3441 576 3504 quae
608 3423 790 3487 memoriam
823 3421 1007 3503 Euripideae
1040 3419 1157 3500 Musae,
1195 3417 1319 3499 qualem

173 3520 375 3587 Alexandrini
407 3523 440 3586 in
472 3523 592 3588 deliciis
623 3523 799 3604 habuerint,
832 3522 921 3586 nobis
952 3521 1092 3585 afferant.
1146 3519 1193 3583 Ea
1220 3517 1320 3600 igitur

172 3623 318 3688 subtilius
351 3625 576 3703 consectemur,
620 3642 699 3706 quae
731 3623 903 3689 Ouidianae
936 3621 1084 3706 Byblidos
1120 3617 1320 3700 descriptioni

172 3724 261 3803 (Met.
284 3725 338 3803 IX,
361 3727 422 3790 447
446 3724 505 3808 sq.)
534 3745 604 3790 oum
632 3726 775 3791 Phaedra
798 3725 939 3804 Senecae,
974 3743 1065 3808 quern
1092 3722 1320 3806 quadamtenus

173 3824 206 3887 in
225 3825 385 3909 Euripidis
408 3827 511 3892 locum
533 3827 693 3892 succedere
712 3845 799 3909 posse
814 3825 953 3909 probavi,
975 3826 1024 3890 331
1047 3843 1118 3890 oum
1138 3822 1213 3905 ipsis
1228 3821 1320 3885 Buri-

171 3924 252 4007 pidis
275 3927 388 3992 fabulis
411 3929 607 3994 conueniant.

272 4027 390 4094 Narrat
412 4029 550 4108 Ovidius,
585 4029 738 4113 quomodo
761 4029 869 4113 Byblis
891 4029 1004 4094 intima
1028 4046 1098 4092 curn
1122 4025 1227 4091 Cauno
1250 4043 1320 4090 ver·

172 4128 261 4193 sandi
291 4130 513 4195 consuetudine
538 4130 707 4213 3313133131
735 4132 876 4196 aestuare
898 4149 928 4195 se
950 4130 1035 4193 intus
1057 4147 1087 4192 3.
1102 4127 1164 4191 466
1179 4144 1241 4209 sq:

271 4231 334 4295 iarn
356 4231 516 4296 dominum
540 4231 686 4314 appellat,
711 4232 775 4297 iam
798 4232 923 4296 nomina
946 4229 1108 4313 sanguinis
1130 4227 1207 4312 odit,

203 4344 205 4350 ’
272 4331 406 4416 Byblida
428 4333 491 4397 iam
514 4333 636 4398 mavult
656 4351 751 4415 quam
772 4352 804 4399 33
825 4334 915 4398 33331
935 4332 988 4397 1113
1010 4349 1146 4396 sororem

172 4433 224 4514 (31.
235 4453 263 4498 3.
275 4433 359 4511 531).
384 4433 500 4499 Bodem
515 4452 606 4498 sensu
619 4434 760 4498 Phaedra
775 4434 920 4499 abhorret
935 4452 953 4498 a
969 4431 1060 4498 fatali
1075 4429 1185 4496 matris
1195 4429 1319 4494 nomine
