<?xml version="1.0" encoding="UTF-8"?>
<!DOCTYPE html PUBLIC "-//W3C//DTD XHTML 1.0 Transitional//EN"
    "http://www.w3.org/TR/xhtml1/DTD/xhtml1-transitional.dtd">
<html xmlns="http://www.w3.org/1999/xhtml" xml:lang="en" lang="en">
 <head>
  <title>
</title>
<meta http-equiv="Content-Type" content="text/html;charset=utf-8" />
  <meta name='ocr-system' content='tesseract 3.04.00' />
  <meta name='ocr-capabilities' content='ocr_page ocr_carea ocr_par ocr_line ocrx_word'/>
</head>
<body>
  <div class='ocr_page' id='page_1' title='image "./dehippolytiseur00kalkgoog_0090.png"; bbox 0 0 3142 5074; ppageno 0'>
   <div class='ocr_carea' id='block_1_1' title="bbox 743 417 885 473">
    <p class='ocr_par' dir='ltr' id='par_1_1' title="bbox 743 417 885 473">
     <span class='ocr_line' id='line_1_1' title="bbox 743 417 885 473; baseline 0.014 -2"><span class='ocrx_word' id='word_1_1' title='bbox 743 417 885 473; x_wconf 78' lang='lat'>⁷7.</span> 
     </span>
    </p>
   </div>
   <div class='ocr_carea' id='block_1_2' title="bbox 185 586 1334 773">
    <p class='ocr_par' dir='ltr' id='par_1_2' title="bbox 185 586 1334 773">
     <span class='ocr_line' id='line_1_2' title="bbox 190 586 1334 676; baseline -0.004 -18"><span class='ocrx_word' id='word_1_2' title='bbox 190 592 282 660; x_wconf 87' lang='lat' dir='ltr'>bulac</span> <span class='ocrx_word' id='word_1_3' title='bbox 296 593 450 676; x_wconf 78' lang='lat' dir='ltr'>epitomen</span> <span class='ocrx_word' id='word_1_4' title='bbox 465 589 485 655; x_wconf 95' lang='lat' dir='ltr'>i.</span> <span class='ocrx_word' id='word_1_5' title='bbox 498 609 523 655; x_wconf 92' lang='lat' dir='ltr'>e.</span> <span class='ocrx_word' id='word_1_6' title='bbox 538 588 702 672; x_wconf 76' lang='lat' dir='ltr'>Hippolyti</span> <span class='ocrx_word' id='word_1_7' title='bbox 717 587 935 670; x_wconf 79' lang='lat' dir='ltr'>argumentum</span> <span class='ocrx_word' id='word_1_8' title='bbox 951 586 1153 670; x_wconf 79' lang='lat' dir='ltr'>refugiamus,</span> <span class='ocrx_word' id='word_1_9' title='bbox 1168 587 1201 651; x_wconf 94' lang='lat' dir='ltr'>in</span> <span class='ocrx_word' id='word_1_10' title='bbox 1214 606 1334 670; x_wconf 87' lang='lat' dir='ltr'>queres</span> 
     </span>
     <span class='ocr_line' id='line_1_3' title="bbox 185 682 1333 773; baseline -0.008 -14"><span class='ocrx_word' id='word_1_11' title='bbox 185 696 232 760; x_wconf 81' lang='lat' dir='ltr'>ita</span> <span class='ocrx_word' id='word_1_12' title='bbox 255 695 414 760; x_wconf 84' lang='lat' dir='ltr'>narratur:</span> <span class='ocrx_word' id='word_1_13' title='bbox 436 687 623 773; x_wconf 74' lang='grc' dir='ltr'><strong><em>θεασαμένη</em></strong></span> <span class='ocrx_word' id='word_1_14' title='bbox 646 685 682 752; x_wconf 79' lang='grc' dir='ltr'>δὲ</span> <span class='ocrx_word' id='word_1_15' title='bbox 704 683 762 752; x_wconf 81' lang='grc' dir='ltr'>τόν</span> <span class='ocrx_word' id='word_1_16' title='bbox 783 685 950 752; x_wconf 80' lang='grc' dir='ltr'><strong><em>νεανίσκον</em></strong></span> <span class='ocrx_word' id='word_1_17' title='bbox 973 683 1136 772; x_wconf 71' lang='grc' dir='ltr'><strong><em>ἡφαίδρα</em></strong></span> <span class='ocrx_word' id='word_1_18' title='bbox 1151 682 1197 762; x_wconf 82' lang='grc' dir='ltr'>εἰς</span> <span class='ocrx_word' id='word_1_19' title='bbox 1213 685 1333 752; x_wconf 80' lang='grc' dir='ltr'><strong><em>ἐπιθο-</em></strong></span> 
     </span>
    </p>
   </div>
   <div class='ocr_carea' id='block_1_3' title="bbox 187 783 1333 877">
    <p class='ocr_par' dir='ltr' id='par_1_3' title="bbox 187 783 1333 877">
     <span class='ocr_line' id='line_1_4' title="bbox 187 783 1333 877; baseline -0.006 -19"><span class='ocrx_word' id='word_1_20' title='bbox 187 793 264 877; x_wconf 84' lang='grc' dir='ltr'><strong><em>μίαν</em></strong></span> <span class='ocrx_word' id='word_1_21' title='bbox 278 783 424 860; x_wconf 69' lang='grc' dir='ltr'><strong><em>ὤλισθεν</em></strong></span> <span class='ocrx_word' id='word_1_22' title='bbox 435 830 483 858; x_wconf 93' lang='lat'>-.</span> <span class='ocrx_word' id='word_1_23' title='bbox 505 789 664 876; x_wconf 78' lang='grc' dir='ltr'><strong><em>στέγουσα</em></strong></span> <span class='ocrx_word' id='word_1_24' title='bbox 680 788 716 855; x_wconf 78' lang='grc' dir='ltr'>δὲ</span> <span class='ocrx_word' id='word_1_25' title='bbox 730 784 788 876; x_wconf 80' lang='grc' dir='ltr'>τὴν</span> <span class='ocrx_word' id='word_1_26' title='bbox 802 784 900 856; x_wconf 86' lang='grc' dir='ltr'><strong><em>νόσον</em></strong></span> <span class='ocrx_word' id='word_1_27' title='bbox 914 784 1020 874; x_wconf 80' lang='grc' dir='ltr'><strong><em>χρόνῳ</em></strong></span> <span class='ocrx_word' id='word_1_28' title='bbox 1036 783 1121 870; x_wconf 83' lang='grc' dir='ltr'><strong><em>πρός</em></strong></span> <span class='ocrx_word' id='word_1_29' title='bbox 1135 787 1193 872; x_wconf 76' lang='grc' dir='ltr'>τὴν</span> <span class='ocrx_word' id='word_1_30' title='bbox 1206 783 1333 875; x_wconf 80' lang='grc' dir='ltr'><strong><em>τροφόν</em></strong></span> 
     </span>
    </p>
   </div>
   <div class='ocr_carea' id='block_1_4' title="bbox 119 883 1337 3720">
    <p class='ocr_par' dir='ltr' id='par_1_4' title="bbox 119 883 1337 3720">
     <span class='ocr_line' id='line_1_5' title="bbox 186 883 1333 982; baseline -0.004 -22"><span class='ocrx_word' id='word_1_31' title='bbox 186 895 331 982; x_wconf 79' lang='grc' dir='ltr'><strong><em>δηλῶσαι</em></strong></span> <span class='ocrx_word' id='word_1_32' title='bbox 353 887 552 980; x_wconf 76' lang='grc' dir='ltr'><strong><em>η’ναγκόσθη,</em></strong></span> <span class='ocrx_word' id='word_1_33' title='bbox 576 890 910 977; x_wconf 83' lang='grc' dir='ltr'><strong><em>κατεπαγγειλαμένην</em></strong></span> <span class='ocrx_word' id='word_1_34' title='bbox 930 883 1012 981; x_wconf 71' lang='grc' dir='ltr'>αὐτῇ</span> <span class='ocrx_word' id='word_1_35' title='bbox 1032 883 1230 976; x_wconf 71' lang='grc' dir='ltr'><strong><em>βοηθήσειν·</em></strong></span> <span class='ocrx_word' id='word_1_36' title='bbox 1261 885 1333 975; x_wconf 76' lang='grc' dir='ltr'><strong><em>ἥτις</em></strong></span> 
     </span>
     <span class='ocr_line' id='line_1_6' title="bbox 185 988 1332 1085; baseline -0.004 -23"><span class='ocrx_word' id='word_1_37' title='bbox 185 992 269 1063; x_wconf 77' lang='grc' dir='ltr'><strong><em>κατα</em></strong></span> <span class='ocrx_word' id='word_1_38' title='bbox 290 993 349 1085; x_wconf 78' lang='grc' dir='ltr'>τὴν</span> <span class='ocrx_word' id='word_1_39' title='bbox 369 995 563 1082; x_wconf 82' lang='grc' dir='ltr'><strong><em>προαίρεσιν</em></strong></span> <span class='ocrx_word' id='word_1_40' title='bbox 587 989 702 1080; x_wconf 79' lang='grc' dir='ltr'><strong><em>λόγους</em></strong></span> <span class='ocrx_word' id='word_1_41' title='bbox 723 988 923 1078; x_wconf 80' lang='grc' dir='ltr'><strong><em>προςὴνεγκε</em></strong></span> <span class='ocrx_word' id='word_1_42' title='bbox 945 995 992 1080; x_wconf 75' lang='grc' dir='ltr'>τῷ</span> <span class='ocrx_word' id='word_1_43' title='bbox 1015 991 1179 1078; x_wconf 81' lang='grc' dir='ltr'><strong><em>νεανίσκῳ.</em></strong></span> <span class='ocrx_word' id='word_1_44' title='bbox 1204 1029 1242 1038; x_wconf 88' lang='grc'>-</span> <span class='ocrx_word' id='word_1_45' title='bbox 1272 992 1332 1074; x_wconf 79' lang='lat' dir='ltr'>Qui</span> 
     </span>
     <span class='ocr_line' id='line_1_7' title="bbox 186 1094 1330 1183; baseline -0.006 -17"><span class='ocrx_word' id='word_1_46' title='bbox 186 1119 248 1166; x_wconf 92' lang='lat' dir='ltr'>non</span> <span class='ocrx_word' id='word_1_47' title='bbox 270 1099 482 1183; x_wconf 88' lang='lat' dir='ltr'>praeiudicata</span> <span class='ocrx_word' id='word_1_48' title='bbox 503 1098 645 1180; x_wconf 91' lang='lat' dir='ltr'>opinione</span> <span class='ocrx_word' id='word_1_49' title='bbox 668 1096 801 1179; x_wconf 90' lang='lat' dir='ltr'>tenetur,</span> <span class='ocrx_word' id='word_1_50' title='bbox 823 1095 984 1178; x_wconf 83' lang='lat' dir='ltr'>intelleget</span> <span class='ocrx_word' id='word_1_51' title='bbox 1006 1095 1159 1160; x_wconf 82' lang='lat' dir='ltr'>Antonini</span> <span class='ocrx_word' id='word_1_52' title='bbox 1174 1094 1330 1160; x_wconf 81' lang='lat' dir='ltr'>auctorem</span> 
     </span>
     <span class='ocr_line' id='line_1_8' title="bbox 187 1195 1332 1284; baseline -0.007 -16"><span class='ocrx_word' id='word_1_53' title='bbox 187 1205 254 1268; x_wconf 87' lang='lat' dir='ltr'>tarn</span> <span class='ocrx_word' id='word_1_54' title='bbox 276 1220 377 1284; x_wconf 78' lang='lat' dir='ltr'>presse</span> <span class='ocrx_word' id='word_1_55' title='bbox 400 1200 515 1283; x_wconf 90' lang='lat' dir='ltr'>tragici</span> <span class='ocrx_word' id='word_1_56' title='bbox 539 1198 672 1282; x_wconf 83' lang='lat' dir='ltr'>vestigia</span> <span class='ocrx_word' id='word_1_57' title='bbox 694 1199 805 1281; x_wconf 87' lang='lat' dir='ltr'>legere,</span> <span class='ocrx_word' id='word_1_58' title='bbox 838 1198 874 1260; x_wconf 93' lang='lat' dir='ltr'>ut</span> <span class='ocrx_word' id='word_1_59' title='bbox 900 1197 996 1263; x_wconf 91' lang='lat' dir='ltr'>etiarn</span> <span class='ocrx_word' id='word_1_60' title='bbox 1018 1195 1128 1262; x_wconf 80' lang='lat' dir='ltr'>Ouidio</span> <span class='ocrx_word' id='word_1_61' title='bbox 1156 1196 1332 1270; x_wconf 86' lang='lat' dir='ltr'>antecellat,</span> 
     </span>
     <span class='ocr_line' id='line_1_9' title="bbox 187 1297 1334 1386; baseline -0.005 -18"><span class='ocrx_word' id='word_1_62' title='bbox 187 1322 257 1368; x_wconf 92' lang='lat' dir='ltr'>curn</span> <span class='ocrx_word' id='word_1_63' title='bbox 280 1303 318 1367; x_wconf 92' lang='lat' dir='ltr'>de</span> <span class='ocrx_word' id='word_1_64' title='bbox 340 1301 485 1386; x_wconf 85' lang='lat' dir='ltr'>Myrrhae</span> <span class='ocrx_word' id='word_1_65' title='bbox 509 1301 609 1366; x_wconf 87' lang='lat' dir='ltr'>morte</span> <span class='ocrx_word' id='word_1_66' title='bbox 633 1299 811 1365; x_wconf 88' lang='lat' dir='ltr'>voluntaria</span> <span class='ocrx_word' id='word_1_67' title='bbox 831 1299 895 1364; x_wconf 91' lang='lat' dir='ltr'>iam</span> <span class='ocrx_word' id='word_1_68' title='bbox 916 1297 1098 1363; x_wconf 87' lang='lat' dir='ltr'>imminente</span> <span class='ocrx_word' id='word_1_69' title='bbox 1119 1298 1198 1362; x_wconf 94' lang='lat' dir='ltr'>nihil</span> <span class='ocrx_word' id='word_1_70' title='bbox 1227 1297 1334 1363; x_wconf 89' lang='lat' dir='ltr'>tradat</span> 
     </span>
     <span class='ocr_line' id='line_1_10' title="bbox 187 1397 1334 1482; baseline -0.004 -13"><span class='ocrx_word' id='word_1_71' title='bbox 187 1405 218 1470; x_wconf 91' lang='lat' dir='ltr'>et</span> <span class='ocrx_word' id='word_1_72' title='bbox 249 1403 401 1469; x_wconf 91' lang='lat' dir='ltr'>nutricem</span> <span class='ocrx_word' id='word_1_73' title='bbox 435 1401 534 1466; x_wconf 88' lang='lat' dir='ltr'>morbi</span> <span class='ocrx_word' id='word_1_74' title='bbox 562 1399 732 1465; x_wconf 88' lang='lat' dir='ltr'>remedium</span> <span class='ocrx_word' id='word_1_75' title='bbox 764 1399 960 1482; x_wconf 88' lang='lat' dir='ltr'>pollicentem</span> <span class='ocrx_word' id='word_1_76' title='bbox 994 1397 1102 1481; x_wconf 89' lang='lat' dir='ltr'>fingat.</span> <span class='ocrx_word' id='word_1_77' title='bbox 1145 1397 1204 1464; x_wconf 86' lang='lat' dir='ltr'>Sed</span> <span class='ocrx_word' id='word_1_78' title='bbox 1232 1400 1267 1463; x_wconf 89' lang='lat' dir='ltr'>ut</span> <span class='ocrx_word' id='word_1_79' title='bbox 1296 1417 1334 1464; x_wconf 89' lang='lat' dir='ltr'>ne</span> 
     </span>
     <span class='ocr_line' id='line_1_11' title="bbox 186 1498 1332 1584; baseline -0.006 -15"><span class='ocrx_word' id='word_1_80' title='bbox 186 1503 362 1570; x_wconf 80' lang='lat' dir='ltr'>levissimus</span> <span class='ocrx_word' id='word_1_81' title='bbox 385 1501 510 1584; x_wconf 88' lang='lat' dir='ltr'>quidem</span> <span class='ocrx_word' id='word_1_82' title='bbox 530 1501 694 1582; x_wconf 89' lang='lat' dir='ltr'>scrupulus</span> <span class='ocrx_word' id='word_1_83' title='bbox 714 1499 858 1577; x_wconf 85' lang='lat' dir='ltr'>resideat,</span> <span class='ocrx_word' id='word_1_84' title='bbox 880 1498 995 1562; x_wconf 89' lang='lat' dir='ltr'>nutrici</span> <span class='ocrx_word' id='word_1_85' title='bbox 1010 1498 1198 1583; x_wconf 76' lang='lat' dir='ltr'>Hippolytae</span> <span class='ocrx_word' id='word_1_86' title='bbox 1212 1518 1332 1579; x_wconf 85' lang='lat' dir='ltr'>nomon,</span> 
     </span>
     <span class='ocr_line' id='line_1_12' title="bbox 187 1599 1333 1689; baseline -0.004 -19"><span class='ocrx_word' id='word_1_87' title='bbox 187 1607 225 1671; x_wconf 90' lang='lat' dir='ltr'>de</span> <span class='ocrx_word' id='word_1_88' title='bbox 248 1625 307 1689; x_wconf 91' lang='lat' dir='ltr'>quo</span> <span class='ocrx_word' id='word_1_89' title='bbox 333 1603 458 1670; x_wconf 88' lang='lat' dir='ltr'>aliunde</span> <span class='ocrx_word' id='word_1_90' title='bbox 479 1621 541 1668; x_wconf 92' lang='lat' dir='ltr'>non</span> <span class='ocrx_word' id='word_1_91' title='bbox 564 1603 696 1680; x_wconf 89' lang='lat' dir='ltr'>constat,</span> <span class='ocrx_word' id='word_1_92' title='bbox 718 1601 852 1666; x_wconf 86' lang='lat' dir='ltr'>inditum</span> <span class='ocrx_word' id='word_1_93' title='bbox 873 1601 934 1676; x_wconf 91' lang='lat' dir='ltr'>est;</span> <span class='ocrx_word' id='word_1_94' title='bbox 956 1619 1017 1683; x_wconf 90' lang='lat' dir='ltr'>qua</span> <span class='ocrx_word' id='word_1_95' title='bbox 1039 1599 1163 1667; x_wconf 89' lang='lat' dir='ltr'>fictione</span> <span class='ocrx_word' id='word_1_96' title='bbox 1183 1619 1243 1666; x_wconf 91' lang='lat' dir='ltr'>non</span> <span class='ocrx_word' id='word_1_97' title='bbox 1266 1601 1333 1666; x_wconf 89' lang='lat' dir='ltr'>tam</span> 
     </span>
     <span class='ocr_line' id='line_1_13' title="bbox 187 1702 1333 1788; baseline -0.005 -16"><span class='ocrx_word' id='word_1_98' title='bbox 187 1707 238 1772; x_wconf 85' lang='lat' dir='ltr'>fur</span> <span class='ocrx_word' id='word_1_99' title='bbox 261 1706 402 1788; x_wconf 83' lang='lat' dir='ltr'>prodItnr</span> <span class='ocrx_word' id='word_1_100' title='bbox 424 1721 518 1787; x_wconf 87' lang='lat' dir='ltr'>quarn</span> <span class='ocrx_word' id='word_1_101' title='bbox 541 1705 661 1769; x_wconf 83' lang='lat' dir='ltr'>furtum</span> <span class='ocrx_word' id='word_1_102' title='bbox 683 1704 758 1769; x_wconf 85' lang='lat' dir='ltr'>data</span> <span class='ocrx_word' id='word_1_103' title='bbox 785 1722 877 1786; x_wconf 89' lang='lat' dir='ltr'>opera</span> <span class='ocrx_word' id='word_1_104' title='bbox 903 1704 1132 1787; x_wconf 89' lang='lat' dir='ltr'>pronuntiatur.</span> <span class='ocrx_word' id='word_1_105' title='bbox 1177 1702 1333 1767; x_wconf 89' lang='lat' dir='ltr'>Nimirum</span> 
     </span>
     <span class='ocr_line' id='line_1_14' title="bbox 188 1805 1332 1889; baseline -0.004 -15"><span class='ocrx_word' id='word_1_106' title='bbox 188 1806 390 1874; x_wconf 81' lang='lat' dir='ltr'>Alexandrini</span> <span class='ocrx_word' id='word_1_107' title='bbox 412 1808 519 1889; x_wconf 87' lang='lat' dir='ltr'>poetae</span> <span class='ocrx_word' id='word_1_108' title='bbox 541 1807 669 1871; x_wconf 89' lang='lat' dir='ltr'>minime</span> <span class='ocrx_word' id='word_1_109' title='bbox 691 1805 783 1871; x_wconf 79' lang='lat' dir='ltr'>veriti</span> <span class='ocrx_word' id='word_1_110' title='bbox 799 1807 872 1871; x_wconf 91' lang='lat' dir='ltr'>sunt</span> <span class='ocrx_word' id='word_1_111' title='bbox 886 1807 945 1871; x_wconf 90' lang='lat' dir='ltr'>hoo</span> <span class='ocrx_word' id='word_1_112' title='bbox 960 1806 1049 1871; x_wconf 90' lang='lat' dir='ltr'>mode</span> <span class='ocrx_word' id='word_1_113' title='bbox 1065 1805 1202 1870; x_wconf 89' lang='lat' dir='ltr'>alienum</span> <span class='ocrx_word' id='word_1_114' title='bbox 1217 1806 1332 1869; x_wconf 90' lang='lat' dir='ltr'>bonum</span> 
     </span>
     <span class='ocr_line' id='line_1_15' title="bbox 186 1905 1333 1990; baseline -0.003 -16"><span class='ocrx_word' id='word_1_115' title='bbox 186 1912 330 1974; x_wconf 91' lang='lat' dir='ltr'>insuam</span> <span class='ocrx_word' id='word_1_116' title='bbox 353 1927 418 1973; x_wconf 90' lang='lat' dir='ltr'>rem</span> <span class='ocrx_word' id='word_1_117' title='bbox 440 1909 628 1982; x_wconf 87' lang='lat' dir='ltr'>convertere,</span> <span class='ocrx_word' id='word_1_118' title='bbox 660 1907 741 1990; x_wconf 88' lang='lat' dir='ltr'>quod</span> <span class='ocrx_word' id='word_1_119' title='bbox 765 1906 892 1989; x_wconf 89' lang='lat' dir='ltr'>Dilthey</span> <span class='ocrx_word' id='word_1_120' title='bbox 918 1905 952 1990; x_wconf 80' lang='lat' dir='ltr'>(l.</span> <span class='ocrx_word' id='word_1_121' title='bbox 975 1907 996 1970; x_wconf 94' lang='lat' dir='ltr'>l.</span> <span class='ocrx_word' id='word_1_122' title='bbox 1019 1926 1047 1990; x_wconf 92' lang='lat' dir='ltr'>p.</span> <span class='ocrx_word' id='word_1_123' title='bbox 1072 1907 1131 1971; x_wconf 87' lang='grc'>108</span> <span class='ocrx_word' id='word_1_124' title='bbox 1154 1906 1214 1988; x_wconf 78' lang='grc' dir='ltr'>οη.)</span> <span class='ocrx_word' id='word_1_125' title='bbox 1245 1925 1333 1988; x_wconf 91' lang='lat' dir='ltr'>prae·</span> 
     </span>
     <span class='ocr_line' id='line_1_16' title="bbox 188 2007 1333 2093; baseline -0.003 -17"><span class='ocrx_word' id='word_1_126' title='bbox 188 2012 272 2077; x_wconf 86' lang='lat' dir='ltr'>claro</span> <span class='ocrx_word' id='word_1_127' title='bbox 295 2009 450 2093; x_wconf 80' lang='lat' dir='ltr'>(ltesyllae</span> <span class='ocrx_word' id='word_1_128' title='bbox 472 2009 596 2074; x_wconf 83' lang='lat' dir='ltr'>fabulae</span> <span class='ocrx_word' id='word_1_129' title='bbox 618 2007 755 2090; x_wconf 88' lang='lat' dir='ltr'>exemplo</span> <span class='ocrx_word' id='word_1_130' title='bbox 777 2007 1012 2085; x_wconf 86' lang='lat' dir='ltr'>demonstravit,</span> <span class='ocrx_word' id='word_1_131' title='bbox 1044 2007 1077 2071; x_wconf 92' lang='lat' dir='ltr'>in</span> <span class='ocrx_word' id='word_1_132' title='bbox 1099 2026 1192 2090; x_wconf 90' lang='lat' dir='ltr'>quam</span> <span class='ocrx_word' id='word_1_133' title='bbox 1215 2008 1333 2073; x_wconf 88' lang='lat' dir='ltr'>Nican-</span> 
     </span>
     <span class='ocr_line' id='line_1_17' title="bbox 188 2106 1332 2193; baseline -0.003 -16"><span class='ocrx_word' id='word_1_134' title='bbox 188 2112 243 2178; x_wconf 84' lang='lat' dir='ltr'>der</span> <span class='ocrx_word' id='word_1_135' title='bbox 264 2112 352 2191; x_wconf 87' lang='lat' dir='ltr'>(Ant.</span> <span class='ocrx_word' id='word_1_136' title='bbox 375 2110 440 2175; x_wconf 90' lang='lat' dir='ltr'>Lib.</span> <span class='ocrx_word' id='word_1_137' title='bbox 465 2108 496 2193; x_wconf 80' lang='lat'>1)</span> <span class='ocrx_word' id='word_1_138' title='bbox 530 2128 640 2193; x_wconf 91' lang='lat' dir='ltr'>parum</span> <span class='ocrx_word' id='word_1_139' title='bbox 672 2109 830 2192; x_wconf 89' lang='lat' dir='ltr'>ingeniose</span> <span class='ocrx_word' id='word_1_140' title='bbox 858 2108 942 2191; x_wconf 90' lang='lat' dir='ltr'>pomi</span> <span class='ocrx_word' id='word_1_141' title='bbox 969 2106 1087 2191; x_wconf 86' lang='lat' dir='ltr'>Cydoni</span> <span class='ocrx_word' id='word_1_142' title='bbox 1116 2108 1284 2174; x_wconf 88' lang='lat' dir='ltr'>artificium</span> <span class='ocrx_word' id='word_1_143' title='bbox 1316 2129 1332 2175; x_wconf 93' lang='lat' dir='ltr'>e</span> 
     </span>
     <span class='ocr_line' id='line_1_18' title="bbox 119 2209 1333 2295; baseline 0.001 -21"><span class='ocrx_word' id='word_1_144' title='bbox 119 2253 125 2274; x_wconf 77' lang='lat'>.</span> <span class='ocrx_word' id='word_1_145' title='bbox 189 2211 373 2280; x_wconf 80' lang='lat' dir='ltr'>Callimachi</span> <span class='ocrx_word' id='word_1_146' title='bbox 395 2211 533 2295; x_wconf 84' lang='lat' dir='ltr'>Oydippa</span> <span class='ocrx_word' id='word_1_147' title='bbox 555 2211 719 2276; x_wconf 86' lang='lat' dir='ltr'>transtulit</span> <span class='ocrx_word' id='word_1_148' title='bbox 739 2228 838 2292; x_wconf 89' lang='lat' dir='ltr'>neque</span> <span class='ocrx_word' id='word_1_149' title='bbox 859 2209 919 2274; x_wconf 91' lang='lat' dir='ltr'>sibi</span> <span class='ocrx_word' id='word_1_150' title='bbox 939 2210 1135 2292; x_wconf 87' lang='lat' dir='ltr'>temperavit,</span> <span class='ocrx_word' id='word_1_151' title='bbox 1168 2210 1333 2293; x_wconf 90' lang='lat' dir='ltr'>quominus</span> 
     </span>
     <span class='ocr_line' id='line_1_19' title="bbox 188 2311 1333 2402; baseline -0.003 -22"><span class='ocrx_word' id='word_1_152' title='bbox 188 2315 358 2399; x_wconf 80' lang='lat' dir='ltr'>Cydippam</span> <span class='ocrx_word' id='word_1_153' title='bbox 372 2316 403 2379; x_wconf 91' lang='lat' dir='ltr'>et</span> <span class='ocrx_word' id='word_1_154' title='bbox 416 2313 583 2378; x_wconf 84' lang='lat' dir='ltr'>Acontium</span> <span class='ocrx_word' id='word_1_155' title='bbox 594 2314 769 2378; x_wconf 90' lang='lat' dir='ltr'>nominaret</span> <span class='ocrx_word' id='word_1_156' title='bbox 779 2315 798 2375; x_wconf 87' lang='lat'>¹.</span> <span class='ocrx_word' id='word_1_157' title='bbox 822 2311 1006 2393; x_wconf 87' lang='lat' dir='ltr'>Saepissime</span> <span class='ocrx_word' id='word_1_158' title='bbox 1020 2312 1102 2376; x_wconf 92' lang='lat' dir='ltr'>enim</span> <span class='ocrx_word' id='word_1_159' title='bbox 1115 2312 1333 2402; x_wconf 85' lang='lat' dir='ltr'>auctoremla·</span> 
     </span>
     <span class='ocr_line' id='line_1_20' title="bbox 188 2415 1334 2498; baseline -0.002 -16"><span class='ocrx_word' id='word_1_160' title='bbox 188 2416 341 2494; x_wconf 84' lang='lat' dir='ltr'>bulamvc,</span> <span class='ocrx_word' id='word_1_161' title='bbox 364 2435 458 2497; x_wconf 88' lang='lat' dir='ltr'>quarn</span> <span class='ocrx_word' id='word_1_162' title='bbox 484 2416 690 2493; x_wconf 88' lang='lat' dir='ltr'>ruminantur,</span> <span class='ocrx_word' id='word_1_163' title='bbox 714 2415 926 2497; x_wconf 87' lang='lat' dir='ltr'>aliquomodo</span> <span class='ocrx_word' id='word_1_164' title='bbox 946 2415 1125 2498; x_wconf 87' lang='lat' dir='ltr'>significant</span> <span class='ocrx_word' id='word_1_165' title='bbox 1148 2416 1212 2480; x_wconf 87' lang='lat' dir='ltr'>sive</span> <span class='ocrx_word' id='word_1_166' title='bbox 1233 2435 1334 2480; x_wconf 86' lang='lat' dir='ltr'>exem-</span> 
     </span>
     <span class='ocr_line' id='line_1_21' title="bbox 188 2515 1334 2600; baseline 0.001 -20"><span class='ocrx_word' id='word_1_167' title='bbox 188 2516 284 2600; x_wconf 89' lang='lat' dir='ltr'>plaris</span> <span class='ocrx_word' id='word_1_168' title='bbox 308 2535 413 2581; x_wconf 88' lang='lat' dir='ltr'>versus</span> <span class='ocrx_word' id='word_1_169' title='bbox 434 2517 515 2582; x_wconf 89' lang='lat' dir='ltr'>tecte</span> <span class='ocrx_word' id='word_1_170' title='bbox 538 2517 721 2582; x_wconf 89' lang='lat' dir='ltr'>denotantes</span> <span class='ocrx_word' id='word_1_171' title='bbox 744 2517 838 2599; x_wconf 88' lang='lat' dir='ltr'>atque</span> <span class='ocrx_word' id='word_1_172' title='bbox 860 2515 935 2582; x_wconf 89' lang='lat' dir='ltr'>adso</span> <span class='ocrx_word' id='word_1_173' title='bbox 962 2517 1043 2598; x_wconf 88' lang='lat' dir='ltr'>ipsos</span> <span class='ocrx_word' id='word_1_174' title='bbox 1072 2516 1242 2582; x_wconf 84' lang='lat' dir='ltr'>intexentes</span> <span class='ocrx_word' id='word_1_175' title='bbox 1268 2516 1334 2581; x_wconf 82' lang='lat' dir='ltr'>sive</span> 
     </span>
     <span class='ocr_line' id='line_1_22' title="bbox 188 2616 1335 2701; baseline 0 -21"><span class='ocrx_word' id='word_1_176' title='bbox 188 2633 333 2699; x_wconf 85' lang='lat' dir='ltr'>personas</span> <span class='ocrx_word' id='word_1_177' title='bbox 354 2616 486 2695; x_wconf 86' lang='lat' dir='ltr'>fabulae,</span> <span class='ocrx_word' id='word_1_178' title='bbox 521 2635 614 2701; x_wconf 89' lang='lat' dir='ltr'>quam</span> <span class='ocrx_word' id='word_1_179' title='bbox 636 2618 811 2694; x_wconf 89' lang='lat' dir='ltr'>imitantur,</span> <span class='ocrx_word' id='word_1_180' title='bbox 846 2617 1087 2700; x_wconf 86' lang='lat' dir='ltr'>comparationis</span> <span class='ocrx_word' id='word_1_181' title='bbox 1109 2618 1209 2682; x_wconf 88' lang='lat' dir='ltr'>instar</span> <span class='ocrx_word' id='word_1_182' title='bbox 1233 2616 1335 2681; x_wconf 91' lang='lat' dir='ltr'>nemi·</span> 
     </span>
     <span class='ocr_line' id='line_1_23' title="bbox 188 2716 1333 2799; baseline 0.001 -18"><span class='ocrx_word' id='word_1_183' title='bbox 188 2718 297 2782; x_wconf 88' lang='lat' dir='ltr'>nantes</span> <span class='ocrx_word' id='word_1_184' title='bbox 310 2716 331 2782; x_wconf 70' lang='lat'>³.</span> <span class='ocrx_word' id='word_1_185' title='bbox 375 2717 473 2799; x_wconf 79' lang='lat' dir='ltr'>Quale</span> <span class='ocrx_word' id='word_1_186' title='bbox 492 2717 631 2782; x_wconf 90' lang='lat' dir='ltr'>studium</span> <span class='ocrx_word' id='word_1_187' title='bbox 654 2719 748 2784; x_wconf 89' lang='lat' dir='ltr'>etiam</span> <span class='ocrx_word' id='word_1_188' title='bbox 771 2719 876 2784; x_wconf 90' lang='lat' dir='ltr'>nostro</span> <span class='ocrx_word' id='word_1_189' title='bbox 899 2719 966 2784; x_wconf 93' lang='lat' dir='ltr'>loco</span> <span class='ocrx_word' id='word_1_190' title='bbox 987 2719 1164 2784; x_wconf 90' lang='lat' dir='ltr'>innomine</span> <span class='ocrx_word' id='word_1_191' title='bbox 1185 2718 1258 2783; x_wconf 87' lang='lat' dir='ltr'>ficto</span> <span class='ocrx_word' id='word_1_192' title='bbox 1281 2718 1333 2783; x_wconf 91' lang='lat' dir='ltr'>de·</span> 
     </span>
     <span class='ocr_line' id='line_1_24' title="bbox 175 2818 1335 2902; baseline 0.001 -20"><span class='ocrx_word' id='word_1_193' title='bbox 175 2819 334 2901; x_wconf 71' lang='lat' dir='ltr'>‘prehendi</span> <span class='ocrx_word' id='word_1_194' title='bbox 357 2820 453 2902; x_wconf 91' lang='lat' dir='ltr'>patet.</span> <span class='ocrx_word' id='word_1_195' title='bbox 498 2818 650 2898; x_wconf 80' lang='lat' dir='ltr'>Ceterum,</span> <span class='ocrx_word' id='word_1_196' title='bbox 674 2820 748 2902; x_wconf 84' lang='lat' dir='ltr'>quie</span> <span class='ocrx_word' id='word_1_197' title='bbox 769 2820 960 2902; x_wconf 76' lang='lat' dir='ltr'>Ignoramus,</span> <span class='ocrx_word' id='word_1_198' title='bbox 986 2839 1046 2902; x_wconf 87' lang='lat' dir='ltr'>quo</span> <span class='ocrx_word' id='word_1_199' title='bbox 1069 2837 1165 2902; x_wconf 88' lang='lat' dir='ltr'>usque</span> <span class='ocrx_word' id='word_1_200' title='bbox 1182 2820 1292 2885; x_wconf 89' lang='lat' dir='ltr'>auctor</span> <span class='ocrx_word' id='word_1_201' title='bbox 1303 2819 1335 2883; x_wconf 92' lang='lat' dir='ltr'>in</span> 
     </span>
     <span class='ocr_line' id='line_1_25' title="bbox 187 2918 1336 3003; baseline 0 -19"><span class='ocrx_word' id='word_1_202' title='bbox 187 2918 321 3003; x_wconf 91' lang='lat' dir='ltr'>singulis</span> <span class='ocrx_word' id='word_1_203' title='bbox 342 2920 432 2985; x_wconf 90' lang='lat' dir='ltr'>rebus</span> <span class='ocrx_word' id='word_1_204' title='bbox 455 2919 638 2985; x_wconf 84' lang='lat' dir='ltr'>exornandis</span> <span class='ocrx_word' id='word_1_205' title='bbox 659 2921 814 3003; x_wconf 87' lang='lat' dir='ltr'>tragicum</span> <span class='ocrx_word' id='word_1_206' title='bbox 838 2921 961 3002; x_wconf 89' lang='lat' dir='ltr'>poetam</span> <span class='ocrx_word' id='word_1_207' title='bbox 980 2920 1184 3002; x_wconf 85' lang='lat' dir='ltr'>descripserit,</span> <span class='ocrx_word' id='word_1_208' title='bbox 1207 2938 1281 2985; x_wconf 83' lang='lat' dir='ltr'>cave</span> <span class='ocrx_word' id='word_1_209' title='bbox 1299 2939 1336 2984; x_wconf 92' lang='lat' dir='ltr'>ne</span> 
     </span>
     <span class='ocr_line' id='line_1_26' title="bbox 188 3020 1337 3103; baseline -0.001 -18"><span class='ocrx_word' id='word_1_210' title='bbox 188 3020 321 3085; x_wconf 90' lang='lat' dir='ltr'>nimium</span> <span class='ocrx_word' id='word_1_211' title='bbox 347 3021 467 3086; x_wconf 82' lang='lat' dir='ltr'>tribuas</span> <span class='ocrx_word' id='word_1_212' title='bbox 496 3021 543 3100; x_wconf 91' lang='lat' dir='ltr'>iis,</span> <span class='ocrx_word' id='word_1_213' title='bbox 578 3022 689 3103; x_wconf 87' lang='lat' dir='ltr'>quibus</span> <span class='ocrx_word' id='word_1_214' title='bbox 717 3021 771 3086; x_wconf 90' lang='lat' dir='ltr'>illc</span> <span class='ocrx_word' id='word_1_215' title='bbox 799 3021 830 3085; x_wconf 91' lang='lat' dir='ltr'>ct</span> <span class='ocrx_word' id='word_1_216' title='bbox 851 3021 941 3103; x_wconf 90' lang='lat' dir='ltr'>poeta</span> <span class='ocrx_word' id='word_1_217' title='bbox 964 3021 1122 3086; x_wconf 87' lang='lat' dir='ltr'>Romanus</span> <span class='ocrx_word' id='word_1_218' title='bbox 1145 3021 1267 3085; x_wconf 88' lang='lat' dir='ltr'>differre</span> <span class='ocrx_word' id='word_1_219' title='bbox 1288 3021 1337 3085; x_wconf 88' lang='lat' dir='ltr'>vi-</span> 
     </span>
     <span class='ocr_line' id='line_1_27' title="bbox 188 3121 1336 3204; baseline 0 -18"><span class='ocrx_word' id='word_1_220' title='bbox 188 3121 310 3186; x_wconf 88' lang='lat' dir='ltr'>dentur.</span> <span class='ocrx_word' id='word_1_221' title='bbox 332 3122 444 3204; x_wconf 86' lang='lat' dir='ltr'>Itaque</span> <span class='ocrx_word' id='word_1_222' title='bbox 459 3122 571 3201; x_wconf 88' lang='lat' dir='ltr'>nescio,</span> <span class='ocrx_word' id='word_1_223' title='bbox 590 3141 629 3187; x_wconf 89' lang='lat' dir='ltr'>cn</span> <span class='ocrx_word' id='word_1_224' title='bbox 643 3122 755 3187; x_wconf 89' lang='lat' dir='ltr'>similis</span> <span class='ocrx_word' id='word_1_225' title='bbox 767 3122 949 3204; x_wconf 88' lang='lat' dir='ltr'>exemplaris</span> <span class='ocrx_word' id='word_1_226' title='bbox 964 3121 1080 3187; x_wconf 91' lang='lat' dir='ltr'>indicia</span> <span class='ocrx_word' id='word_1_227' title='bbox 1095 3122 1177 3204; x_wconf 88' lang='lat' dir='ltr'>apud</span> <span class='ocrx_word' id='word_1_228' title='bbox 1189 3121 1336 3188; x_wconf 89' lang='lat' dir='ltr'>Ovidium</span> 
     </span>
     <span class='ocr_line' id='line_1_28' title="bbox 188 3222 1335 3305; baseline 0 -19"><span class='ocrx_word' id='word_1_229' title='bbox 188 3223 334 3305; x_wconf 89' lang='lat' dir='ltr'>cognosci</span> <span class='ocrx_word' id='word_1_230' title='bbox 350 3222 470 3305; x_wconf 91' lang='lat' dir='ltr'>possint</span> <span class='ocrx_word' id='word_1_231' title='bbox 484 3223 516 3287; x_wconf 95' lang='lat' dir='ltr'>in</span> <span class='ocrx_word' id='word_1_232' title='bbox 532 3241 576 3298; x_wconf 91' lang='lat' dir='ltr'>eo,</span> <span class='ocrx_word' id='word_1_233' title='bbox 599 3223 681 3305; x_wconf 90' lang='lat' dir='ltr'>quod</span> <span class='ocrx_word' id='word_1_234' title='bbox 698 3223 803 3287; x_wconf 89' lang='lat' dir='ltr'>nutrix</span> <span class='ocrx_word' id='word_1_235' title='bbox 828 3223 952 3288; x_wconf 84' lang='lat' dir='ltr'>silentio</span> <span class='ocrx_word' id='word_1_236' title='bbox 966 3223 1064 3305; x_wconf 88' lang='lat' dir='ltr'>tegat,</span> <span class='ocrx_word' id='word_1_237' title='bbox 1087 3223 1162 3305; x_wconf 93' lang='lat' dir='ltr'>quid</span> <span class='ocrx_word' id='word_1_238' title='bbox 1177 3223 1335 3302; x_wconf 89' lang='lat' dir='ltr'>moliatur,</span> 
     </span>
     <span class='ocr_line' id='line_1_29' title="bbox 188 3322 1337 3406; baseline 0.003 -20"><span class='ocrx_word' id='word_1_239' title='bbox 188 3341 250 3387; x_wconf 92' lang='lat' dir='ltr'>non</span> <span class='ocrx_word' id='word_1_240' title='bbox 265 3342 339 3388; x_wconf 88' lang='lat' dir='ltr'>ausa</span> <span class='ocrx_word' id='word_1_241' title='bbox 363 3324 520 3405; x_wconf 84' lang='lat' dir='ltr'>praetcrea</span> <span class='ocrx_word' id='word_1_242' title='bbox 542 3322 694 3388; x_wconf 90' lang='lat' dir='ltr'>incestum</span> <span class='ocrx_word' id='word_1_243' title='bbox 713 3322 816 3404; x_wconf 89' lang='lat' dir='ltr'>palam</span> <span class='ocrx_word' id='word_1_244' title='bbox 837 3323 1037 3404; x_wconf 89' lang='lat' dir='ltr'>pronuntiare</span> <span class='ocrx_word' id='word_1_245' title='bbox 1051 3341 1080 3387; x_wconf 89' lang='lat' dir='ltr'>v.</span> <span class='ocrx_word' id='word_1_246' title='bbox 1093 3323 1155 3387; x_wconf 84' lang='lat'>429</span> <span class='ocrx_word' id='word_1_247' title='bbox 1165 3342 1209 3406; x_wconf 88' lang='lat' dir='ltr'>sq.</span> <span class='ocrx_word' id='word_1_248' title='bbox 1236 3324 1337 3406; x_wconf 84' lang='lat' dir='ltr'>Atque</span> 
     </span>
     <span class='ocr_line' id='line_1_30' title="bbox 188 3423 1337 3507; baseline -0.001 -19"><span class='ocrx_word' id='word_1_249' title='bbox 188 3423 270 3506; x_wconf 89' lang='lat' dir='ltr'>quod</span> <span class='ocrx_word' id='word_1_250' title='bbox 293 3424 445 3488; x_wconf 88' lang='lat' dir='ltr'>Antonini</span> <span class='ocrx_word' id='word_1_251' title='bbox 473 3425 583 3489; x_wconf 90' lang='lat' dir='ltr'>auctor</span> <span class='ocrx_word' id='word_1_252' title='bbox 604 3423 770 3507; x_wconf 88' lang='lat' dir='ltr'>Smyrnam</span> <span class='ocrx_word' id='word_1_253' title='bbox 791 3424 893 3488; x_wconf 90' lang='lat' dir='ltr'>multa</span> <span class='ocrx_word' id='word_1_254' title='bbox 922 3425 1150 3489; x_wconf 87' lang='lat' dir='ltr'>machinantem</span> <span class='ocrx_word' id='word_1_255' title='bbox 1179 3423 1273 3507; x_wconf 86' lang='lat' dir='ltr'>fingit</span> <span class='ocrx_word' id='word_1_256' title='bbox 1297 3423 1337 3488; x_wconf 92' lang='lat' dir='ltr'>ad</span> 
     </span>
     <span class='ocr_line' id='line_1_31' title="bbox 187 3524 1337 3608; baseline 0.001 -21"><span class='ocrx_word' id='word_1_257' title='bbox 187 3524 479 3607; x_wconf 90' lang='lat' dir='ltr'>procrastinandum</span> <span class='ocrx_word' id='word_1_258' title='bbox 506 3543 701 3608; x_wconf 90' lang='lat' dir='ltr'>responsum,</span> <span class='ocrx_word' id='word_1_259' title='bbox 735 3524 815 3607; x_wconf 87' lang='lat' dir='ltr'>quod</span> <span class='ocrx_word' id='word_1_260' title='bbox 844 3524 960 3608; x_wconf 89' lang='lat' dir='ltr'>procris</span> <span class='ocrx_word' id='word_1_261' title='bbox 987 3524 1170 3607; x_wconf 88' lang='lat' dir='ltr'>urgentibus</span> <span class='ocrx_word' id='word_1_262' title='bbox 1196 3525 1337 3606; x_wconf 86' lang='lat' dir='ltr'>parentes</span> 
     </span>
     <span class='ocr_line' id='line_1_32' title="bbox 188 3625 1337 3720; baseline -0.002 -29"><span class='ocrx_word' id='word_1_263' title='bbox 188 3627 292 3693; x_wconf 89' lang='lat' dir='ltr'>daturi</span> <span class='ocrx_word' id='word_1_264' title='bbox 308 3627 380 3705; x_wconf 87' lang='lat' dir='ltr'>sint,</span> <span class='ocrx_word' id='word_1_265' title='bbox 404 3644 504 3692; x_wconf 87' lang='lat' dir='ltr'>nonne</span> <span class='ocrx_word' id='word_1_266' title='bbox 524 3628 615 3710; x_wconf 88' lang='lat' dir='ltr'>poeta</span> <span class='ocrx_word' id='word_1_267' title='bbox 637 3627 797 3720; x_wconf 88' lang='lat' dir='ltr'>Romanus</span> <span class='ocrx_word' id='word_1_268' title='bbox 819 3626 947 3691; x_wconf 87' lang='lat' dir='ltr'>eandem</span> <span class='ocrx_word' id='word_1_269' title='bbox 969 3625 1174 3708; x_wconf 88' lang='lat' dir='ltr'>prolationem</span> <span class='ocrx_word' id='word_1_270' title='bbox 1197 3625 1337 3691; x_wconf 89' lang='lat' dir='ltr'>illustrat</span> 
     </span>
    </p>
   </div>
   <div class='ocr_carea' id='block_1_5' title="bbox 188 3917 1340 4518">
    <p class='ocr_par' dir='ltr' id='par_1_5' title="bbox 188 3917 1338 4080">
     <span class='ocr_line' id='line_1_33' title="bbox 291 3917 1338 3990; baseline -0.001 -16"><span class='ocrx_word' id='word_1_271' title='bbox 291 3919 300 3951; x_wconf 93' lang='lat'>¹</span> <span class='ocrx_word' id='word_1_272' title='bbox 322 3919 400 3974; x_wconf 87' lang='lat' dir='ltr'>Hane</span> <span class='ocrx_word' id='word_1_273' title='bbox 418 3918 653 3990; x_wconf 85' lang='lat' dir='ltr'>significationem</span> <span class='ocrx_word' id='word_1_274' title='bbox 672 3918 708 3972; x_wconf 91' lang='lat' dir='ltr'>ad</span> <span class='ocrx_word' id='word_1_275' title='bbox 726 3918 901 3972; x_wconf 84' lang='lat' dir='ltr'>Antoninum</span> <span class='ocrx_word' id='word_1_276' title='bbox 924 3917 1107 3972; x_wconf 84' lang='lat' dir='ltr'>revocandam</span> <span class='ocrx_word' id='word_1_277' title='bbox 1131 3934 1190 3972; x_wconf 87' lang='lat' dir='ltr'>esse</span> <span class='ocrx_word' id='word_1_278' title='bbox 1213 3917 1274 3972; x_wconf 87' lang='lat' dir='ltr'>iure</span> <span class='ocrx_word' id='word_1_279' title='bbox 1292 3936 1338 3973; x_wconf 91' lang='lat' dir='ltr'>ne·</span> 
     </span>
     <span class='ocr_line' id='line_1_34' title="bbox 188 4008 610 4080; baseline -0.002 -17"><span class='ocrx_word' id='word_1_280' title='bbox 188 4008 267 4080; x_wconf 88' lang='lat' dir='ltr'>gavit</span> <span class='ocrx_word' id='word_1_281' title='bbox 287 4008 390 4063; x_wconf 86' lang='lat' dir='ltr'>Rohde</span> <span class='ocrx_word' id='word_1_282' title='bbox 405 4008 423 4062; x_wconf 93' lang='lat' dir='ltr'>l.</span> <span class='ocrx_word' id='word_1_283' title='bbox 442 4009 459 4062; x_wconf 91' lang='lat' dir='ltr'>l.</span> <span class='ocrx_word' id='word_1_284' title='bbox 478 4009 567 4077; x_wconf 79' lang='lat' dir='ltr'>p.-92.</span> <span class='ocrx_word' id='word_1_285' title='bbox 586 4009 610 4062; x_wconf 77' lang='lat'>5.</span> 
     </span>
    </p>

    <p class='ocr_par' dir='ltr' id='par_1_6' title="bbox 188 4092 1340 4518">
     <span class='ocr_line' id='line_1_35' title="bbox 291 4092 1339 4167; baseline -0.002 -17"><span class='ocrx_word' id='word_1_286' title='bbox 291 4095 458 4166; x_wconf 76' lang='lat' dir='ltr'>²Exempla</span> <span class='ocrx_word' id='word_1_287' title='bbox 485 4097 659 4167; x_wconf 89' lang='lat' dir='ltr'>collegerunt</span> <span class='ocrx_word' id='word_1_288' title='bbox 683 4095 782 4150; x_wconf 91' lang='lat' dir='ltr'>Rohde</span> <span class='ocrx_word' id='word_1_289' title='bbox 806 4094 824 4148; x_wconf 95' lang='lat' dir='ltr'>l.</span> <span class='ocrx_word' id='word_1_290' title='bbox 843 4095 862 4148; x_wconf 94' lang='lat' dir='ltr'>l.</span> <span class='ocrx_word' id='word_1_291' title='bbox 909 4093 1023 4162; x_wconf 90' lang='lat' dir='ltr'>Dilthey</span> <span class='ocrx_word' id='word_1_292' title='bbox 1042 4094 1095 4147; x_wconf 88' lang='lat'>1.1.</span> <span class='ocrx_word' id='word_1_293' title='bbox 1121 4092 1167 4162; x_wconf 86' lang='lat' dir='ltr'>(cf.</span> <span class='ocrx_word' id='word_1_294' title='bbox 1186 4111 1213 4162; x_wconf 91' lang='lat' dir='ltr'>p.</span> <span class='ocrx_word' id='word_1_295' title='bbox 1233 4096 1266 4148; x_wconf 82' lang='lat'>73</span> <span class='ocrx_word' id='word_1_296' title='bbox 1286 4094 1339 4166; x_wconf 85' lang='lat' dir='ltr'>sq.)</span> 
     </span>
     <span class='ocr_line' id='line_1_36' title="bbox 188 4181 1338 4253; baseline 0 -17"><span class='ocrx_word' id='word_1_297' title='bbox 188 4183 305 4238; x_wconf 84' lang='lat' dir='ltr'>Knaack</span> <span class='ocrx_word' id='word_1_298' title='bbox 324 4184 343 4239; x_wconf 91' lang='lat' dir='ltr'>l.</span> <span class='ocrx_word' id='word_1_299' title='bbox 356 4183 375 4236; x_wconf 89' lang='lat' dir='ltr'>l.</span> <span class='ocrx_word' id='word_1_300' title='bbox 394 4202 421 4253; x_wconf 92' lang='lat' dir='ltr'>p.</span> <span class='ocrx_word' id='word_1_301' title='bbox 435 4186 483 4252; x_wconf 83' lang='lat' dir='ltr'>eo;</span> <span class='ocrx_word' id='word_1_302' title='bbox 502 4184 603 4252; x_wconf 88' lang='lat' dir='ltr'>quibus</span> <span class='ocrx_word' id='word_1_303' title='bbox 619 4183 685 4237; x_wconf 83' lang='lat' dir='ltr'>addi</span> <span class='ocrx_word' id='word_1_304' title='bbox 697 4187 814 4252; x_wconf 90' lang='lat' dir='ltr'>possunt</span> <span class='ocrx_word' id='word_1_305' title='bbox 826 4182 973 4237; x_wconf 83' lang='lat' dir='ltr'>Nonniana</span> <span class='ocrx_word' id='word_1_306' title='bbox 986 4183 1099 4250; x_wconf 87' lang='lat' dir='ltr'>Dionys.</span> <span class='ocrx_word' id='word_1_307' title='bbox 1112 4181 1215 4252; x_wconf 88' lang='lat' dir='ltr'>XXIII,</span> <span class='ocrx_word' id='word_1_308' title='bbox 1235 4183 1286 4235; x_wconf 80' lang='lat'>221</span> <span class='ocrx_word' id='word_1_309' title='bbox 1298 4200 1338 4252; x_wconf 88' lang='lat' dir='ltr'>sq.</span> 
     </span>
     <span class='ocr_line' id='line_1_37' title="bbox 189 4270 1339 4342; baseline 0.001 -18"><span class='ocrx_word' id='word_1_310' title='bbox 189 4270 302 4339; x_wconf 87' lang='lat' dir='ltr'>XXXV,</span> <span class='ocrx_word' id='word_1_311' title='bbox 323 4273 358 4326; x_wconf 79' lang='lat'>28</span> <span class='ocrx_word' id='word_1_312' title='bbox 376 4271 422 4342; x_wconf 86' lang='lat' dir='ltr'>(cf.</span> <span class='ocrx_word' id='word_1_313' title='bbox 442 4272 564 4326; x_wconf 88' lang='lat' dir='ltr'>Koehler</span> <span class='ocrx_word' id='word_1_314' title='bbox 583 4272 610 4325; x_wconf 89' lang='lat' dir='ltr'>d.</span> <span class='ocrx_word' id='word_1_315' title='bbox 630 4271 798 4339; x_wconf 87' lang='lat' dir='ltr'>Dionysiaca</span> <span class='ocrx_word' id='word_1_316' title='bbox 817 4270 842 4324; x_wconf 95' lang='lat' dir='ltr'>d.</span> <span class='ocrx_word' id='word_1_317' title='bbox 862 4271 979 4325; x_wconf 88' lang='lat' dir='ltr'>Nonnus</span> <span class='ocrx_word' id='word_1_318' title='bbox 996 4288 1025 4340; x_wconf 93' lang='lat' dir='ltr'>p.</span> <span class='ocrx_word' id='word_1_319' title='bbox 1045 4273 1079 4324; x_wconf 80' lang='lat' dir='ltr'>db</span> <span class='ocrx_word' id='word_1_320' title='bbox 1101 4288 1129 4339; x_wconf 93' lang='lat' dir='ltr'>p.</span> <span class='ocrx_word' id='word_1_321' title='bbox 1149 4271 1191 4324; x_wconf 86' lang='lat'>31.</span> <span class='ocrx_word' id='word_1_322' title='bbox 1212 4270 1249 4339; x_wconf 86' lang='grc'>3).</span> <span class='ocrx_word' id='word_1_323' title='bbox 1286 4271 1339 4325; x_wconf 92' lang='lat' dir='ltr'>De·</span> 
     </span>
     <span class='ocr_line' id='line_1_38' title="bbox 189 4359 1340 4429; baseline 0 -17"><span class='ocrx_word' id='word_1_324' title='bbox 189 4360 275 4427; x_wconf 90' lang='lat' dir='ltr'>nique</span> <span class='ocrx_word' id='word_1_325' title='bbox 290 4359 346 4414; x_wconf 90' lang='lat' dir='ltr'>huc</span> <span class='ocrx_word' id='word_1_326' title='bbox 363 4361 487 4428; x_wconf 90' lang='lat' dir='ltr'>pertinet</span> <span class='ocrx_word' id='word_1_327' title='bbox 505 4359 651 4415; x_wconf 87' lang='lat' dir='ltr'>Heliodori</span> <span class='ocrx_word' id='word_1_328' title='bbox 669 4359 817 4413; x_wconf 84' lang='lat' dir='ltr'>historiola</span> <span class='ocrx_word' id='word_1_329' title='bbox 844 4359 879 4413; x_wconf 89' lang='lat' dir='ltr'>de</span> <span class='ocrx_word' id='word_1_330' title='bbox 897 4359 1042 4422; x_wconf 87' lang='lat' dir='ltr'>Cnemone,</span> <span class='ocrx_word' id='word_1_331' title='bbox 1072 4359 1101 4412; x_wconf 91' lang='lat' dir='ltr'>in</span> <span class='ocrx_word' id='word_1_332' title='bbox 1121 4376 1175 4427; x_wconf 90' lang='lat' dir='ltr'>qua</span> <span class='ocrx_word' id='word_1_333' title='bbox 1193 4359 1340 4429; x_wconf 87' lang='lat' dir='ltr'>Hippolyti</span> 
     </span>
     <span class='ocr_line' id='line_1_39' title="bbox 189 4445 885 4518; baseline 0 -17"><span class='ocrx_word' id='word_1_334' title='bbox 189 4445 316 4502; x_wconf 85' lang='lat' dir='ltr'>fabulam</span> <span class='ocrx_word' id='word_1_335' title='bbox 334 4447 462 4503; x_wconf 85' lang='lat' dir='ltr'>denotari</span> <span class='ocrx_word' id='word_1_336' title='bbox 482 4466 568 4518; x_wconf 87' lang='lat' dir='ltr'>snpra</span> <span class='ocrx_word' id='word_1_337' title='bbox 585 4447 702 4517; x_wconf 85' lang='lat' dir='ltr'>exposui</span> <span class='ocrx_word' id='word_1_338' title='bbox 721 4449 760 4518; x_wconf 90' lang='lat' dir='ltr'>(p.</span> <span class='ocrx_word' id='word_1_339' title='bbox 779 4449 814 4502; x_wconf 84' lang='lat'>64</span> <span class='ocrx_word' id='word_1_340' title='bbox 832 4447 885 4516; x_wconf 78' lang='lat' dir='ltr'>sq.)</span> 
     </span>
    </p>
   </div>
   <div class='ocr_carea' id='block_1_6' title="bbox 0 0 1582 5074">
    <p class='ocr_par' dir='ltr' id='par_1_7' title="bbox 0 0 1582 5074">
     <span class='ocr_line' id='line_1_40' title="bbox 0 0 1582 5074; baseline 0 0"><span class='ocrx_word' id='word_1_341' title='bbox 0 0 1582 5074; x_wconf 95' lang='lat' dir='ltr'> </span> 
     </span>
    </p>
   </div>
  </div>
 </body>
</html>
