3154 5076
807 392 842 448 26

248 569 308 648 frg.
324 568 396 642 449,
420 557 503 649 quod
518 567 645 632 chorum
663 566 799 632 ostendit
814 567 935 632 heroem
953 566 1147 632 fortunatum
1163 564 1408 647 praedicantem.

248 670 374 752 propter
401 667 523 733 divinos
556 667 695 745 honores,
732 686 807 750 quos
830 667 933 732 Diana
963 668 991 732 ei
1012 667 1167 750 augurata
1191 665 1242 742 414,
1275 684 1346 730 044
1368 685 1396 729 4.

251 771 332 836 1423
354 788 413 852 sq.;
446 769 613 851 inquibus
643 769 774 834 honores
803 769 928 851 quidem
956 767 1078 834 abunde
1105 761 1397 840 commemorantur,

248 870 300 936 sed
321 870 407 935 chori
428 865 668 952 praedicationis
690 889 746 934 nec
767 870 839 935 4014
862 887 918 934 440
939 869 1109 950 vestigium
1131 871 1269 951 apparet.
1297 868 1396 950 Frag-

249 973 354 1037 44440
368 972 430 1036 445
454 972 557 1038 autem
582 970 747 1036 manifesto
770 989 786 1034 e
805 971 907 1035 nuntii
923 970 1101 1034 narratione
1116 972 1257 1051 excerpto
1270 969 1398 1034 minime

248 1073 393 1138 accurate
415 1072 580 1155 rospondet
602 1091 630 1136 4.
654 1073 751 1146 1183;
775 1090 887 1136 404444
911 1071 1043 1154 denique
1057 1070 1284 1152 discrepantiae
1299 1088 1396 1134 erem·

247 1173 334 1257 plum
356 1173 417 1239 Leo
440 1173 474 1250 (1.
499 1172 520 1237 1.
540 1193 569 1256 p.
587 1174 646 1238 180
668 1192 714 1255 sq.
737 1173 775 1237 cf.
790 1191 819 1254 p.
845 1173 917 1249 182)
939 1171 1049 1236 attulit
1070 1171 1130 1253 frg.
1154 1171 1215 1235 389
1239 1170 1318 1236 falso
1341 1169 1397 1234 ad·

248 1276 309 1341 huc
330 1274 490 1357 Euripidis
513 1274 628 1339 Theseo
652 1273 864 1339 adiudicatum
891 1273 1022 1337 ultimae
1044 1271 1148 1337 Velati
1171 1289 1308 1354 scaenae,
1335 1288 1396 1352 qua

248 1377 436 1460 Hippolytus
459 1376 662 1441 moribundus
690 1377 873 1459 comparuit,
903 1375 1073 1452 vindicans.
1109 1374 1267 1440 ,Senecam
1290 1375 1396 1439 autem

247 1478 420 1544 videbimus
442 1477 474 1540 in
496 1478 534 1542 114
554 1478 673 1542 4444414
695 1477 900 1552 illustrandis,
921 1496 1053 1560 quarum
1072 1478 1291 1560 argumentum
1306 1475 1397 1557 poeta

249 1581 330 1645 certe
352 1599 413 1644 nou
443 1579 589 1662 mutavit,
615 1597 773 1662 nunquam
801 1577 978 1660 posterioris
1011 1576 1156 1640 editionis
1179 1576 1281 1654 uerba,
1313 1573 1396 1640 haud

247 1700 318 1747 raro
333 1699 438 1744 sensus
452 1681 628 1763 exprimere,
644 1681 680 1744 ut
694 1680 727 1743 in
737 1679 877 1743 Romana
889 1676 1051 1760 tragoedia
1067 1675 1272 1742 examinanda
1285 1675 1396 1740 merito

249 1781 420 1847 Coroniteri
442 1781 534 1846 fidem
557 1781 694 1858 testeris3
728 1797 907 1862 quanquam
938 1778 1120 1860 simpliciter
1154 1777 1262 1859 negari
1290 1775 1397 1858 nequit
1486 1801 1488 1805 ·

249 1883 382 1949 Senecae
417 1883 573 1947 44444444
595 1882 753 1964 Euripidis
776 1880 915 1946 fabulam
951 1879 990 1944 ad
1016 1896 1127 1943 manus
1157 1877 1322 1941 441444-
1346 1875 1395 1940 Ad
1446 1947 1450 1954 ,

248 2004 402 2050 summam
424 1984 638 2049 4411141414444
660 1984 692 2047 in
715 1982 897 2048 memoriam
919 1999 1087 2062 revocasse,
1109 1979 1143 2044 in
1164 1977 1297 2060 singulis
1320 1996 1397 2043 non·

248 2086 335 2151 nulla
357 2086 479 2150 monitu
501 2085 596 2168 digna
621 2086 727 2150 haheo.

347 2186 497 2252 Scaeuam
520 2187 552 2250 in
575 2186 687 2251 Velato
721 2204 781 2250 non
814 2186 850 2249 ut
881 2183 915 2248 in
944 2181 1122 2248 0040411440
1148 2181 1308 2262 Troezene,
1342 2179 1394 2244 sed

247 2286 380 2354 Athenis
393 2287 501 2369 ¹fuisse
532 2287 671 2352 indicare
704 2285 828 2351 videtur
860 2304 932 2351 oum
961 2283 1093 2365 Senecae
1129 2281 1293 2365 tragoedia
1327 2282 1396 2346 tum

247 2387 388 2467 Ovidius,
420 2388 473 2470 qui
496 2387 615 2452 duobus
637 2387 718 2452 certe
740 2386 816 2452 locis
840 2385 928 2465 (Met.
950 2385 1020 2466 XV,
1043 2383 1298 2465 4041444441,
1322 2382 1396 2462 739)

247 2489 454 2572 Hippolytum
474 2489 605 2572 profugo
628 2506 720 2553 curru
735 2488 888 2553 Troezena
911 2487 1066 2571 petentem
1087 2484 1201 2568 fingit·
1234 2482 1341 2566 Neque
1362 2482 1396 2547 in

247 2591 390 2674 epistula,
414 2609 508 2674 quam
521 2590 663 2655 Phaedra
679 2591 832 2654 Troezene
853 2590 1023 2654 immorans
1045 2587 1177 2652 scribere
1198 2583 1322 2652 videtur
1343 2583 1396 2662 (cf.

247 2712 275 2757 4.
301 2693 370 2776 107,
391 2693 462 2756 Birt
487 2691 508 2758 1.
532 2693 553 2756 1.
576 2710 605 2773 p.
629 2692 715 2769 403),
748 2690 864 2755 iudicia
895 2689 998 2754 deesse
1030 2689 1092 2755 alio
1116 2689 1183 2753 loco
1213 2686 1395 2762 videbimus,

247 2813 326 2878 quae
355 2793 395 2858 ad
420 2793 559 2858 Athenas
586 2811 641 2857 uos
676 2790 815 2858 reiciant.
859 2790 929 2856 Illic
958 2791 1065 2856 autem
1086 2789 1189 2854 Diana
1211 2776 1397 2870 ἐν”Λγραις

246 2894 383 2962 maxima
415 2893 564 2977 religione
596 2893 765 2976 colebatur,
798 2894 834 2958 ut
868 2892 977 2957 notum
1008 2892 1068 2966 est;
1099 2891 1208 2955 contra
1239 2889 1272 2954 iu
1301 2887 1397 2954 Coro·
1462 2901 1468 2912 ·

247 2996 345 3061 411440
385 2994 487 3061 Diana
517 2991 674 3076 Λιμναία,
715 2993 772 3059 (144
812 2993 953 3076 pluribus
992 2992 1153 3073 praecipue
1192 2989 1398 3073 Peloponnesi

246 3096 323 3161 locis
356 3095 472 3174 culta¹,
502 3098 763 3162 commemoratur
785 3096 881 3174 (01.4.
905 3095 984 3170 228;
1014 3095 1118 3176 1131).
1146 3092 1192 3156 De
1213 3091 1270 3156 illa
1289 3090 1397 3156 Philo·

247 3197 358 3261 chorus
390 3196 514 3261 locutus
545 3197 612 3261 4444
647 3196 763 3280 (Schol.
796 3197 872 3261 1144.
899 3195 973 3276 Hip.
1004 3195 1062 3258 73:
1099 3191 1117 3256 ὁ
1150 3189 1186 3257 δὲ
1215 3185 1397 3273 Φιλόχορος

246 3292 305 3383 τὴν
341 3295 374 3362 ἐν
403 3285 542 3380 ’Ἀγραις
570 3299 727 3380 Ἄρτεμιν
759 3335 798 3344 -
840 3294 1026 3382 στέφεσθαί
1064 3315 1145 3382 φησι
1184 3291 1276 3375 aad),
1312 3291 1396 3374 quod

247 3398 462 3466 testimonium
484 3400 670 3466 scholiastae
692 3401 727 3480 (1.
748 3402 784 3482 l.)
809 3401 913 3483 inepte
942 3399 1080 3464 referunt
1107 3398 1146 3464 ad
1172 3395 1395 3463 Coroniferum.

249 3499 330 3581 Quid
351 3499 377 3563 41
400 3498 564 3564 4144041444
586 3521 621 3565 ex
643 3503 742 3568 altera
763 3502 870 3568 fabula
892 3500 1042 3565 nonnulla
1065 3498 1216 3564 attulerat
1244 3495 1283 3562 ad
1306 3515 1398 3560 rene-

247 3601 399 3668 rationem
413 3602 533 3668 Dianae
551 3601 584 3668 ὲν
593 3592 731 3686 'lappam
745 3602 953 3685 pertinentia?
984 3601 1169 3684 Quanquam
1186 3617 1246 3665 non
1260 3597 1396 3662 multum

246 3702 475 3768 lucramurhac
490 3705 685 3780 coniectura;
708 3724 781 3770 nam
802 3704 854 3769 414
876 3703 935 3767 tihi
959 3701 1120 3784 continget
1142 3719 1176 3764 or
1197 3700 1288 3764 tanta
1312 3716 1396 3763 com·

247 3804 424 3869 mentorum
435 3804 593 3888 farragine
605 3805 763 3887 expiscari,
777 3804 851 3888 quid
863 3803 1050 3881 Philochori,
1068 3800 1143 3884 quid
1157 3799 1396 3864 scholiastamm

247 3904 298 3968 sit.
315 3939 354 3949 -
371 3905 498 3970 Titulus
521 3907 625 3970 autem
649 3899 900 3990 στεφανηφόρος
920 3903 1050 3986 spondet
1072 3920 1203 3967 coronae
1225 3898 1396 3964 dedicatio-

248 4023 317 4068 nem
340 4024 401 4070 non
422 4006 497 4070 item
520 4006 552 4070 in
569 4007 679 4071 Velato
698 4005 800 4070 locum
824 4006 981 4085 hahuisse;
1004 4004 1162 4085 praeterea
1178 4001 1292 4064 mirum
1308 3999 1397 4072 esset,

247 4107 454 4190 sarcophagos
490 4125 650 4190 nunquam
687 4107 753 4172 tam
790 4107 924 4189 simplici
961 4103 1186 4198 sacrificatione
1219 4120 1289 4166 usos
1323 4117 1395 4165 esse.

349 4327 359 4358 1
379 4325 419 4382 cf.
438 4326 520 4382 Paua.
538 4327 574 4394 11,
594 4329 619 4384 4.
639 4328 664 4384 o.
683 4325 734 4400 111,
754 4327 797 4380 ae.
812 4327 853 4384 10.
866 4324 914 4394 44,
932 4326 957 4380 4.
977 4325 1007 4398 a,
1026 4327 1069 4378 44.
1088 4325 1113 4379 a.
1132 4321 1192 4388 441,
1210 4322 1254 4378 ao.
1274 4321 1300 4373 4.
1322 4317 1397 4390 vul,

248 4415 291 4472 44.
313 4415 353 4473 44.
378 4419 385 4431 ·
