3142 5074
761 389 795 444 ⁷9

205 561 310 644 puella
340 561 487 627 videntur
512 561 668 627 arbitratu
696 581 752 627 suo
774 562 905 641 variare,
937 579 1016 644 quae
1038 560 1171 627 nominis
1194 560 1357 626 diversitas

207 661 284 726 olim
311 681 346 726 er
368 661 495 728 dialecti
516 661 705 745 proprietate
725 663 794 728 orta
816 663 872 742 est,
895 663 931 727 nt
952 664 1130 728 Athenaeus
1151 661 1233 746 (XV,
1260 662 1357 744 6881)

205 762 309 828 docet:
333 755 439 846 μύρρα
460 757 518 846 γὰρ
537 761 555 847 ἡ
575 757 701 846 σμύρνα
720 761 797 845 παρ’
822 759 986 828 Αἰολεῦσι
1009 763 1062 843 (01.
1081 764 1183 830 801101.
1204 765 1353 847 Lycophr.

134 879 138 884 ·
205 861 227 926 l.
250 861 270 928 l.
294 853 416 944 Sappho
439 863 500 946 frg.
526 865 585 928 163
608 863 657 946 Β.)
673 867 691 930 ¹.
1433 852 1438 862 ⁸

305 961 431 1045 Copiam
451 983 623 1047 procorum,
647 965 684 1031 de
705 985 764 1049 qua
782 965 913 1032 Ovidius
928 967 959 1032 11
974 967 1150 1032 Antoninus
1166 967 1353 1048 conspirant,

207 1063 325 1129 Cinnae
346 1064 518 1130 innotuisse
540 1067 658 1148 primus
682 1067 829 1133 concludo
852 1087 887 1134 es
909 1069 1144 1152 epigrammate,
1180 1068 1262 1150 quod
1281 1067 1354 1134 Sue·

204 1164 309 1230 tonius
339 1167 390 1246 (de
411 1185 545 1250 gramm.
568 1169 619 1249 18)
646 1169 691 1234 ait
718 1170 752 1234 in
775 1168 972 1248 Crassicium,
1006 1171 1060 1253 qui
1083 1170 1248 1254 Zmyrnam
1270 1188 1355 1234 oom-

206 1267 359 1331 mentario
380 1268 605 1348 illustraverat,
628 1269 778 1351 scriptum
801 1289 879 1336 esse:

358 1393 420 1458 Uni
443 1392 596 1459 Crassicio
618 1413 650 1460 se
673 1395 795 1460 credere
816 1396 949 1480 Zmyrna
972 1397 1129 1478 probavit:

404 1494 535 1560 desinite
557 1494 675 1560 indocti
699 1496 843 1580 coniugio
866 1497 947 1561 hano
969 1497 1085 1578 petere!

356 1594 421 1661 Soli
444 1595 595 1661 Crassicio
617 1615 649 1661 se
671 1596 750 1661 dixit
769 1598 883 1662 nuhere
905 1597 992 1675 velle,

403 1697 516 1762 intima
538 1698 587 1762 cui
610 1698 668 1762 soli
690 1699 765 1763 nota
785 1717 841 1762 sua
864 1698 1030 1762 extiterint.

207 1823 310 1906 Atque
330 1823 404 1888 salis
427 1841 556 1888 acumen
580 1824 674 1889 etiam
695 1824 868 1906 elegantius
887 1824 932 1903 fit,
957 1824 983 1890 si
1009 1826 1209 1908 assumpseris
1231 1828 1353 1909 poetam

206 1925 242 1990 ut
268 1895 398 1991 Ovidrus
423 1925 543 2006 patrem
571 1944 606 1989 ex
635 1924 701 1990 lilia
729 1925 927 2008 quaerentem
961 1925 1127 2011 induxisse,
1160 1928 1210 1992 cui
1242 1929 1355 2020 nubere

204 2027 307 2092 vellet.

305 2127 449 2212 Myrrhae
475 2127 579 2192 autem
609 2145 680 2191 oum
708 2127 828 2192 nutrice
855 2127 1044 2210 colloquium
1072 2130 1288 2211 compilatores
1318 2134 1354 2194 ut

206 2248 326 2294 merum
348 2229 563 2294 ornamentum
587 2228 768 2310 plerumque
789 2228 972 2310 oppressisse
994 2228 1153 2304 videntum
1182 2231 1282 2295 simile
1305 2231 1354 2296 ta-

205 2349 274 2395 men
298 2328 465 2407 residuum,
488 2329 579 2412 quale
600 2329 633 2393 in
649 2329 811 2408 Antonini,
834 2330 866 2392 in
883 2329 1046 2394 Plutarchi
1061 2331 1239 2396 narratione
1254 2332 1354 2398 exstat

206 2429 241 2514 (1.
264 2430 313 2512 1.);
342 2427 396 2493 καὶ
416 2428 456 2516 τῇ
478 2431 593 2514 τροφῷ
615 2424 674 2516 τὴν
704 2421 844 2514 α’νάγκην
870 2430 928 2494 τοῦ
958 2426 1082 2512 ἔρωτος
1109 2424 1272 2516 ἐδήλωσεν
1297 2433 1352 2512 (10.

205 2523 359 2612 Σμύρνα),
394 2529 484 2613 quod·
510 2530 593 2595 ultro
623 2550 678 2596 nos
710 2532 835 2596 revocat
862 2531 902 2596 ad
924 2531 1088 2614 Hippolyti
1118 2534 1352 2614 argumentum:

206 2629 364 2713 στέγουσα
395 2629 431 2694 δὲ
463 2623 523 2714 τήν
556 2625 653 2695 νόσον
684 2625 790 2717 χρόνῳ
827 2627 913 2714 πρὸς
950 2625 1011 2716 τήν
1047 2626 1173 2718 τροφὸν
1211 2633 1354 2718 δηλῶσαι

198 2723 407 2820 ,11101άο90·
565 2759 591 2810 ο
1152 2809 1157 2818 ,

304 2835 343 2898 ln
364 2834 509 2917 Myrrhae
528 2835 628 2898 morte
650 2835 829 2900 voluntaria
849 2834 1037 2900 illustranda
1057 2833 1168 2900 Ouidio
1189 2835 1352 2917 1378111.

207 2933 336 3000 mirifice
361 2935 508 3000 convenit
532 2953 603 2999 cum
621 2953 682 3000 nno
706 2935 842 3018 Hygino,
877 2932 931 3017 qui
953 2935 990 2999 de
1015 2935 1118 3016 puella
1141 2934 1235 2999 refert
1256 2935 1276 3001 f.
1299 2936 1354 2999 58:

203 3032 300 3118 ‘quae
325 3055 362 3100 ne
381 3034 544 3116 suspendio
567 3055 598 3100 se
621 3037 756 3116 necaret,
785 3035 890 3099 nutrix
911 3035 1106 3101 intervenit'.
1136 3069 1176 3080 -
1201 3036 1356 3100 Aoeurate

209 3224 407 3232 ——ss—

206 3347 289 3418 Verg.
307 3348 374 3403 Buc.
395 3349 430 3417 X,
451 3351 485 3402 18
502 3367 529 3418 p.
549 3351 583 3402 25
602 3350 649 3402 Kc
670 3347 799 3411 ‘Adonis
817 3352 849 3401 ut
866 3348 1004 3402 Hesiodus
1024 3347 1073 3410 ait,
1094 3347 1240 3402 Phoenicis
1259 3351 1288 3401 et
1307 3347 1355 3401 Al·

205 3436 372 3506 phesiboeae
391 3438 439 3508 (cf.
458 3439 622 3509 Apollodor.
643 3437 693 3501 ill,
714 3441 756 3492 14.
775 3439 814 3507 3),
833 3438 971 3508 Agenoris
989 3437 1127 3505 Thiantis,
1151 3437 1199 3506 qui
1218 3436 1356 3490 Histriam

206 3526 396 3596 Arabiamque
425 3527 519 3581 tenuit
548 3527 675 3596 imperio,
706 3531 739 3580 ut
757 3526 941 3581 Antimachus
967 3526 1018 3593 ait,
1047 3525 1177 3596 regnavit
1195 3524 1294 3594 Cypro,
1324 3527 1356 3577 ut

206 3611 441 3682 Philostephanus
461 3615 543 3682 libro,
571 3632 625 3683 quo
646 3614 822 3684 quaestiones
846 3614 970 3682 poeticas
994 3613 1126 3681 reddidit,
1155 3630 1189 3667 ex
1207 3613 1274 3666 Iove
1296 3612 1356 3665 sine

206 3699 288 3754 ullius
307 3700 427 3756 feminae
446 3703 576 3757 secubitu
595 3699 779 3772 procreatus’.
812 3702 853 3756 Cf.
871 3701 1030 3756 Antimaeh.
1047 3701 1117 3769 Lyd.
1131 3701 1185 3772 frg.
1200 3703 1233 3753 15
1252 3699 1355 3771 Bergk,

206 3788 255 3856 qui
270 3793 334 3857 pest
352 3787 511 3862 ‘Agenoris'
533 3793 661 3847 lacunam
680 3809 738 3846 esse
756 3791 861 3846 statuit.
899 3791 1029 3860 Apollod.
1043 3790 1092 3859 ΙΙΙ,
1109 3791 1149 3842 14.
1162 3791 1190 3843 4:
1214 3783 1356 3848 Πανύασις

207 3874 241 3927 δέ
258 3892 327 3946 φησι
347 3879 474 3952 Θείᾳντος
497 3881 630 3946 βασιλέως
651 3875 802 3948 Ἀσσυρίων
825 3879 870 3946 (sc.
890 3876 938 3932 τὸν
951 3873 1079 3946 Ἄδωνιν).
1120 3877 1233 3931 Tzetzes
1253 3877 1355 3946 (Schol.

206 3961 346 4032 Lycophr.
365 3966 426 4018 829.
447 3965 509 4032 831)
528 3967 596 4020 duos
616 3967 758 4042 Adonides
777 3966 864 4034 novit,
883 3967 1003 4020 alterum
1017 3966 1147 4035 Byblium
1160 3965 1297 4034 Thiantis,
1316 3965 1355 4019 al-

206 4055 300 4105 terum
319 4051 451 4121 Cyprium
471 4055 588 4122 Cinyrae
607 4053 711 4124 filium;
734 4054 768 4108 of.
789 4055 878 4109 Grave
896 4054 916 4106 l.
934 4053 952 4106 l.
971 4072 997 4122 p.
1019 4056 1043 4107 7.

309 4143 316 4173 ¹
338 4140 452 4195 Veneris
478 4143 557 4211 iram,
587 4160 671 4212 quam
690 4144 817 4197 breviter
835 4147 1034 4196 commemorat
1054 4142 1239 4214 Apollodorus
1267 4140 1355 4194 fusius

206 4230 333 4300 Hyginus
363 4229 527 4285 Lactantius
556 4231 617 4300 (Ov.
642 4231 707 4285 Met.
731 4232 764 4285 X.
792 4231 811 4285 f.
835 4233 862 4298 7)
892 4230 1036 4284 Theocriti
1068 4231 1217 4284 scholiasta
1245 4246 1356 4283 causam

207 4319 395 4387 subtexentes,
415 4318 530 4374 Ovidius
550 4319 694 4388 praeterit.
732 4318 845 4374 Servius
864 4317 958 4388 (Verg.
974 4319 1040 4374 Buo.
1053 4319 1088 4387 X,
1104 4318 1148 4388 18)
1168 4318 1202 4372 de
1221 4315 1297 4370 Solis*
1313 4316 1356 4370 ira

205 4410 316 4476 narrat;
336 4405 372 4462 ci.
391 4405 481 4461 Grave
499 4407 518 4460 l.
538 4407 556 4460 l.
574 4424 601 4476 p.
621 4409 646 4460 8.
