3154 5076
737 415 769 470 13

176 590 238 656 283
260 609 284 655 e.
307 591 354 671 a),
378 590 452 673 quia
467 589 631 673 Sophocles
654 589 760 654 eadem
782 589 894 656 vocula
915 590 949 654 in
966 588 1106 655 Phaedra
1128 588 1231 654 utitur
1252 587 1326 674 (frg.

176 691 251 773 615)
263 694 282 757 ¹.
729 710 734 718 ·

275 793 345 857 lam
377 792 422 869 ut,
452 791 533 857 unde
559 791 781 866 aberravimus,
809 789 848 856 ad
870 790 987 872 philtra
1008 791 1178 870 redeamus,
1200 790 1234 855 id
1257 790 1327 873 qui-

176 892 245 957 dem
273 893 358 957 certa
387 893 509 958 ratione
535 891 743 958 demonstrari
770 891 892 974 nequit,
920 891 1104 958 Trachinlae
1132 892 1225 956 etiam
1253 893 1326 957 ante

177 993 323 1058 Velatum
337 993 542 1078 Hippolytum
565 994 697 1075 scriptas
719 1011 792 1057 esse.
837 991 919 1056 Nam
941 993 1090 1074 adagium
1113 992 1192 1057 illud
1210 992 1326 1074 Sopho-

177 1095 278 1159 cleum
299 1094 336 1159 de
358 1095 473 1160 amoris
495 1093 687 1177 praestantia
707 1093 740 1157 in
764 1093 946 1157 memoriam
970 1111 1126 1171 revocans,
1155 1095 1232 1158 nihil
1254 1093 1326 1159 inde

177 1195 371 1274 concludam,
405 1195 486 1279 quod
519 1195 680 1276 Euripides
712 1195 745 1258 iu
778 1194 878 1276 priore
912 1193 1018 1258 fabula
1053 1198 1200 1260 Amorem
1233 1197 1325 1261 vocat

177 1289 313 1364 πάντων
345 1295 667 1379 δυσμαχώτατον
700 1290 783 1359 θεόν
811 1295 885 1378 (frg.
916 1295 1008 1376 433),
1043 1296 1097 1378 qui
1132 1314 1193 1361 non
1223 1298 1324 1362 solum

177 1397 260 1462 viros
286 1397 491 1481 mulieresque
519 1398 661 1476 lacessat,
694 1396 747 1462 sed
779 1397 899 1462 animos
932 1397 1026 1461 etiam
1060 1396 1188 1462 deorum
1219 1398 1326 1464 turbet

178 1498 253 1582 (frg.
275 1499 381 1577 434)².
424 1499 531 1581 Neque
554 1499 680 1563 maioris
703 1497 845 1580 ponderis
868 1498 933 1576 est,
966 1496 1049 1581 quod
1081 1498 1114 1562 in
1147 1499 1323 1582 fragmento

176 1600 259 1682 trag.
283 1599 384 1682 adesp.
410 1600 469 1664 107
493 1599 592 1664 multa
614 1618 685 1664 curn
707 1598 927 1681 probabilitate
936 1597 1047 1663 Velato
1066 1597 1234 1681 Hippolyto
1256 1600 1326 1665 vin·

178 1699 301 1766 dicatol
328 1702 359 1765 et
388 1700 481 1782 Soph.
509 1701 620 1766 Trech.
644 1702 706 1766 300
734 1700 850 1764 similia
876 1699 1030 1764 adieetiua
1053 1699 1149 1765 simili
1173 1701 1325 1766 modoad

177 1801 309 1866 eandem
334 1819 400 1866 rem
424 1800 645 1866 illustrandam
672 1801 759 1865 iuxta
785 1801 950 1882 ponuntur.
995 1799 1085 1866 Talia
1106 1802 1209 1885 potius
1230 1803 1325 1869 missa

178 1901 341 1984 iaciamus,
364 1921 402 1967 ne
424 1903 509 1967 certa
530 1901 657 1966 incertis
679 1901 873 1966 turbentur⁴.

279 2001 340 2069 Sed
367 2021 405 2068 ue
427 2003 464 2068 de
482 2003 642 2068 Phaedrae
669 2002 820 2082 moribus,
848 2003 954 2086 quales
980 2006 1071 2087 poeta
1092 2006 1124 2070 in
1148 2005 1325 2072 Coronifero

177 2105 360 2189 depinxerit,
382 2104 532 2179 iudicium
556 2106 697 2170 nostrum
718 2123 864 2170 mancum
885 2106 927 2170 sit
941 2141 980 2150 —
996 2107 1221 2190 superstruitur
1242 2108 1325 2173 enirn
1385 2135 1389 2145 ·

281 2326 290 2358 ¹
310 2323 405 2380 Sciens
423 2326 619 2395 praetermitto
633 2326 784 2381 Herculem
795 2331 860 2396 post
872 2330 1017 2396 acceptum
1030 2329 1161 2382 nuntium
1180 2328 1215 2383 de
1227 2330 1325 2383 volun·

178 2413 252 2468 teria
270 2416 365 2468 uxoris
383 2421 473 2470 morte
486 2415 575 2485 deque
587 2415 687 2484 philtri
701 2416 811 2486 origine
823 2416 1036 2471 lamentationes
1049 2419 1148 2472 tollere
1166 2436 1193 2472 v.
1206 2421 1273 2471 1143
1284 2437 1323 2488 sq.

178 2503 212 2558 iis
231 2503 345 2573 similes,
375 2505 405 2558 in
424 2523 492 2574 quas
510 2507 607 2560 nutrix
625 2523 678 2575 pro
697 2523 747 2559 sua
765 2511 867 2560 natura
890 2507 983 2561 omnia
1007 2523 1178 2578 exaggerans
1197 2537 1230 2546 -
1251 2508 1326 2576 quod

19 2597 21 2604 ’
106 2597 109 2602 “
179 2597 278 2648 contra
298 2593 476 2648 Wheelerum
495 2595 513 2649 l.
532 2596 549 2649 l.
568 2614 596 2664 p.
614 2597 648 2648 53
667 2595 805 2649 monitum
821 2595 886 2649 volo
909 2623 940 2633 -
960 2595 1122 2666 effunditur,
1141 2596 1190 2650 ubi
1203 2597 1325 2666 primum

180 2681 309 2738 Phaedra
327 2683 440 2738 foedum
459 2701 581 2738 amorem
599 2683 723 2738 confessa
742 2689 784 2738 cst
804 2703 830 2739 v.
850 2687 902 2738 353
921 2702 961 2754 sq.

276 2775 287 2807 ¹
309 2771 396 2827 Poeta
409 2773 502 2828 addit:
526 2769 595 2826 adul
608 2766 712 2827 πόντον
724 2774 839 2844 ἔρχεται,
859 2775 935 2843 quod
946 2774 1074 2844 pluribus
1086 2774 1213 2828 illustrat
1224 2774 1324 2829 chorus

178 2859 242 2930 Hip.
264 2862 334 2916 1272
354 2879 394 2930 sq.
431 2861 547 2916 Minime
571 2861 683 2930 quidem
707 2865 815 2915 certum
837 2861 867 2914 id
886 2862 1093 2930 documentum,
1124 2861 1254 2930 Sophocli
1274 2862 1325 2916 hos

178 2967 276 3004 versus
296 2967 358 3005 cum
378 2949 562 3005 Valckenario
592 2950 638 3016 (ad
657 2950 724 3003 Eur.
743 2951 809 3020 Hip.
829 2953 892 3018 447)
918 2955 1016 3006 contra
1036 2951 1147 3005 Stobaei
1176 2951 1262 3020 (Flor.
1281 2953 1325 3020 63,

178 3027 226 3108 25)
245 3039 453 3106 auctoritatem,
473 3055 556 3107 quam
574 3038 705 3093 Welcker
724 3039 753 3108 (l.
768 3041 787 3093 l.
800 3056 828 3109 p.
844 3039 908 3110 397)
928 3043 1037 3093 secutus
1057 3045 1107 3108 est,
1126 3039 1325 3094 abiudieandos

179 3131 207 3180 et
225 3126 358 3196 Euripidi
378 3145 441 3181 cum
456 3118 598 3181 Clemente
614 3127 807 3182 Alexandrino
825 3127 940 3196 (Strom.
954 3127 1001 3186 VI.
1019 3145 1047 3197 p.
1063 3127 1125 3196 745)
1144 3132 1201 3182 tres
1220 3129 1325 3198 primos

176 3232 274 3269 versus
287 3216 338 3270 sub
349 3216 407 3270 eius
417 3216 529 3270 nomine
539 3215 672 3271 afferente
685 3216 849 3270 tribuendos
863 3233 929 3271 esse.
958 3216 1030 3270 Nam
1040 3215 1205 3286 Sophoclem
1215 3232 1325 3285 quoque

177 3304 285 3358 alatum
308 3303 494 3358 ludibundum
519 3306 654 3359 Amorem
678 3305 789 3359 novisse
816 3305 929 3358 Amoris
957 3305 1096 3359 invocatio
1124 3306 1155 3358 in
1181 3307 1325 3375 Antigona

176 3392 260 3448 docet
278 3411 303 3447 v.
324 3395 389 3447 785:
409 3394 508 3466 φοιτᾷς
526 3394 551 3450 d'
571 3387 751 3464 ὑπερπόντιος
769 3395 823 3447 κτλ.
860 3397 995 3448 Attamen
1013 3393 1178 3462 Nauckinm,
1200 3394 1246 3448 eui
1264 3394 1325 3462 ipsa

176 3479 261 3534 huius
280 3480 433 3552 fragmenti
451 3483 543 3536 oratio
563 3482 728 3552 Euripidem
746 3483 866 3552 prodere
879 3482 998 3550 videtur,
1017 3482 1171 3537 rectissime
1189 3481 1324 3536 iudicasse

177 3569 244 3632 inde
263 3570 407 3632 concludo,
437 3572 513 3640 quod
531 3571 692 3635 Menander,
710 3571 856 3640 Euripidis
876 3572 1039 3638 aemulator,
1067 3573 1163 3640 aperte
1185 3571 1253 3624 duos
1278 3589 1325 3626 ex·

175 3661 282 3713 tremos
301 3677 396 3713 versus
416 3664 481 3714 ante
499 3660 593 3714 oculos
611 3659 711 3713 habuit
730 3659 760 3712 in
779 3659 878 3713 Herois
899 3659 953 3729 frg.
976 3661 986 3712 1
1009 3658 1059 3729 (M.
1077 3658 1124 3722 IV,
1149 3659 1220 3728 128).

278 3747 481 3802 ³Valekenaer
515 3732 563 3818 (ad
587 3748 656 3802 Eur.
683 3748 748 3817 Hip.
783 3747 863 3817 1029)
890 3747 944 3802 hoe
975 3748 1129 3816 suspicatus
1161 3752 1216 3816 est,
1246 3747 1324 3802 euius

176 3835 368 3890 coniecturam
387 3836 475 3891 miror
494 3855 510 3890 a
528 3836 597 3890 viris
616 3836 705 3890 doctis
731 3835 887 3906 neglectam
908 3852 973 3889 esse.
1009 3835 1081 3890 Nam
1103 3852 1198 3888 versus
1221 3835 1325 3890 eisdem

176 3924 271 3978 verbis
298 3924 433 3993 incipiens
456 3925 561 3995 legitur
581 3925 645 3994 Hip.
667 3927 737 3979 1029
766 3925 814 3994 (cf.
834 3941 860 3979 v.
882 3926 950 3977 1048
970 3926 1037 3992 sq.);
1067 3924 1253 3993 interpolatus
1277 3923 1324 3978 ille

178 4011 301 4079 qnidam,
329 4018 362 4066 ut
385 4014 498 4068 videtur
521 4013 567 4081 (ci.
587 4014 716 4069 Wheeler
736 4014 754 4068 l.
773 4015 791 4068 l.
811 4031 838 4082 p.
857 4013 911 4080 60).
941 4012 1076 4067 Praebuit
1095 4017 1190 4066 autem
1208 4011 1325 4082 saepius,

175 4104 209 4154 ut
226 4101 391 4170 videbimus,
410 4103 525 4158 Velatus
545 4121 640 4158 ansam
659 4103 695 4157 ad
712 4101 948 4170 interpolantium.
1003 4147 1006 4155 .

278 4193 290 4222 ⁴
308 4190 461 4260 Postquam
480 4191 548 4246 haec
566 4191 675 4260 scripsi,
695 4191 781 4244 incidi
797 4191 826 4243 in
840 4189 935 4242 Hensii
949 4187 1049 4242 Studia
1060 4187 1213 4256 Sophoclea
1224 4205 1251 4258 p.
1263 4188 1324 4256 287,

177 4277 226 4344 qui
243 4277 313 4332 item
338 4279 466 4333 versibus
491 4279 556 4348 Hip.
577 4281 628 4332 545
648 4296 688 4348 sq.
712 4278 803 4332 utitur
825 4277 862 4330 ad
886 4275 1133 4329 demonstrandum
1160 4274 1323 4330 Trachinlae

176 4370 241 4420 ante
258 4366 445 4437 Hippolytum
464 4368 630 4437 compositas
648 4385 714 4422 esse.
757 4365 811 4420 Sed
829 4365 884 4418 nisi
902 4349 1031 4419 omnihus
1052 4363 1120 4418 locis
1140 4363 1323 4433 argumentis·

176 4471 230 4522 que
248 4449 377 4511 accurate
395 4457 562 4511 examinatis
580 4474 624 4510 res
645 4454 770 4524 expediri
789 4453 895 4522 nequit.
