3142 5074
798 351 849 404 rra
945 321 951 328 ’

248 519 417 585 transitum
444 518 503 585 sibi
525 521 616 603 parat
639 521 678 586 ad
701 540 809 586 verium
835 521 939 604 ignem
968 523 1177 604 aperiendum.
1206 561 1247 573 -
1280 526 1399 594 Deinde

247 619 372 703 quddam
384 621 510 702 Apuleii
531 621 637 687 fabula
657 623 813 704 propriam
834 622 918 688 viam
942 623 1131 706 ingreditur;
1157 645 1228 692 nam
1244 628 1271 692 si
1285 628 1398 694 disces·

247 720 322 786 seris
354 721 394 785 ab
423 721 555 786 externis
586 721 798 788 lineamentis:
838 724 960 806 repulsa
993 743 1143 791 novercae
1174 727 1245 793 odio
1278 730 1398 794 calum-

247 822 377 904 niisque,
412 841 491 905 quae
518 825 700 888 conservata
732 825 814 903 sunt,
849 826 1007 908 ceteroqui
1032 827 1260 911 transfigurata
1289 831 1335 894 est
1364 831 1397 894 in

246 943 351 990 veram
373 923 538 988 historiam
560 923 738 990 iudicialem
760 943 798 989 ac
819 925 981 990 forensem.

216 1025 223 1039 '
347 1025 461 1090 Verum
484 1024 542 1089 boc
563 1043 632 1090 mea
653 1024 823 1106 plurimum
845 1025 958 1090 refert:
980 1028 1013 1090 in
1028 1027 1151 1109 Apuleii
1175 1028 1283 1093 fabula
1301 1048 1397 1112 argn-

246 1126 343 1191 menti
366 1145 530 1204 summam,
554 1145 615 1208 qua
637 1125 692 1190 illa
709 1125 868 1192 Romanae
882 1127 1062 1208 tragoediae
1075 1147 1186 1195 scaena
1209 1130 1395 1208 continetur,

245 1226 490 1309 recognovimus,
514 1227 560 1309 ut,
582 1228 730 1309 quoniam
741 1227 779 1292 de
792 1225 910 1293 Graeca
921 1228 1046 1295 fabulae
1058 1229 1178 1310 origine
1189 1230 1327 1295 dubitari
1343 1249 1396 1294 ne·

246 1327 323 1411 quit,
357 1327 421 1392 iam
444 1345 523 1392 novo
549 1328 734 1410 argumento
756 1328 927 1411 colligatur
948 1329 1127 1411 Euripidem
1150 1330 1231 1395 banc
1252 1349 1395 1396 scaenam

244 1427 407 1493 inuenisse.
440 1427 498 1494 Oui
519 1427 635 1493 iudicio
657 1447 718 1493 non
741 1429 840 1502 video,
863 1430 937 1512 quid
960 1430 1070 1496 melius
1092 1449 1269 1497 succurrere
1288 1432 1395 1517 possit,

245 1548 339 1612 quam
371 1529 467 1611 ipsius
496 1529 622 1610 Apuleii
655 1528 748 1595 verba
778 1530 903 1596 fabulae
940 1530 1092 1613 praelixa:
1134 1532 1234 1598 ‘lam
1267 1534 1396 1599 lector

245 1631 400 1712 optime,
430 1630 528 1695 scito
553 1631 591 1694 te
617 1630 876 1713 tragoediam,
910 1651 981 1696 non
1011 1632 1181 1700 fabulam
1203 1635 1333 1718 legere
1356 1636 1396 1700 et

244 1748 405 1797 asocco
437 1730 484 1798 ad
519 1731 750 1796 cothurnum
783 1722 1024 1798 ascendere'.
1069 1734 1150 1815 Quid
1182 1736 1305 1801 multa?
1347 1738 1395 1802 Dc

244 1832 336 1898 huius
366 1833 514 1915 prooemii
540 1833 672 1914 pondere
699 1852 755 1898 nos
784 1852 845 1898 non
870 1819 961 1915 posse
985 1835 1061 1917 puto
1083 1836 1249 1918 ambigere,
1283 1837 1396 1919 quippe

244 1934 326 2018 quod
342 1935 557 2001 Madaurensis
572 1935 654 2000 certe
669 1953 730 1999 non
744 1934 783 1999 de
797 1954 852 1999 suo
866 1935 993 2017 ingenio
1016 1936 1065 2001 vel
1080 1936 1221 2002 doctrina
1237 1937 1395 2021 adiecerit,

244 2055 315 2102 cum
341 2038 372 2101 et
393 2037 462 2101 tota
493 2036 652 2101 actionum
672 2036 846 2118 implicatio
869 2036 977 2102 fabula
1000 2038 1177 2103 romanensi
1200 2039 1249 2103 vel
1271 2038 1394 2102 Milesia

243 2137 427 2221 dignissima
448 2156 502 2219 pro
517 2136 690 2220 tragoedia,
713 2157 807 2221 quam
829 2156 867 2204 ne
883 2137 978 2204 dictio
1002 2139 1127 2222 quidem
1148 2139 1277 2219 redolet,
1301 2140 1394 2205 nimis

243 2242 405 2306 uehemens
433 2241 475 2304 sit
506 2241 536 2304 et
569 2239 668 2304 altera
701 2238 826 2304 fabulae
856 2259 928 2321 pars
959 2241 1117 2323 tragicum
1150 2241 1284 2306 colorem
1316 2241 1393 2306 adeo

242 2341 391 2417 amiserit,
414 2341 450 2405 ut
472 2341 566 2405 etiam
589 2339 720 2404 nutricis
734 2341 837 2422 partes
859 2341 1003 2422 demptae
1018 2342 1091 2420 sint,
1112 2342 1211 2406 altera
1225 2342 1393 2407 maximam

242 2442 419 2525 partemin
444 2441 567 2506 iudiciis
594 2460 631 2507 ac
659 2441 725 2505 foro
758 2443 882 2523 agatur.
927 2441 1077 2507 Attamen
1106 2443 1175 2507 tota
1208 2443 1323 2508 fabella
1358 2463 1394 2508 ex

242 2563 305 2608 una
327 2543 494 2624 eademque
510 2540 627 2606 Graeca
648 2541 774 2606 officina
796 2541 921 2624 prodiit,
946 2541 1034 2605 odius
1048 2542 1093 2607 rei
1108 2543 1269 2608 Heliodori
1285 2543 1393 2609 fabula

242 2645 280 2710 de
302 2642 456 2708 Gnemone
477 2642 583 2719 (Aetli.
606 2643 632 2721 l,
656 2644 675 2706 9
697 2643 768 2725 sq.),
792 2661 885 2724 quam
909 2660 1002 2724 supra
1024 2643 1086 2707 iam
1108 2644 1201 2727 tetigi
1222 2663 1260 2709 ac
1281 2645 1391 2709 statim

242 2745 450 2828 pertractabo,
482 2743 559 2808 satis
588 2744 695 2825 aperto
726 2744 842 2808 indicio
877 2744 924 2809 est
954 2745 1061 2826 utpote
1093 2745 1132 2810 ab
1164 2745 1270 2810 eodem
1303 2745 1391 2810 simi·

240 2846 303 2911 live
325 2846 491 2928 archetypo
513 2844 657 2926 pendens.
702 2844 813 2926 Itaque
842 2862 902 2908 non
931 2843 1050 2924 dubito,
1085 2844 1160 2927 quin
1183 2845 1232 2910 illi
1257 2846 1392 2934 fabulae,

242 2965 321 3029 quae
352 2945 527 3028 antiquitus
557 2963 673 3028 magna
707 2964 742 3009 ex
773 2946 862 3026 parte
895 2943 935 3008 ad
962 2945 1127 3029 Hippolyti
1156 2945 1260 3010 Velati
1290 2963 1392 3010 erem·

240 3047 309 3129 plar
331 3046 463 3111 conficta
492 3066 510 3111 a
536 3046 632 3110 variis
662 3045 805 3111 manibus
836 3045 1063 3126 transfigurata
1085 3046 1140 3124 est,
1174 3045 1270 3110 donea
1300 3045 1393 3125 hanc,

242 3167 337 3231 quam
365 3149 514 3227 tenemus,
546 3147 679 3212 formam
711 3147 824 3225 induit,
860 3146 934 3212 olim
966 3147 1003 3212 ut
1033 3146 1066 3210 in
1090 3146 1251 3212 Parthenii
1281 3165 1392 3212 narra·

240 3250 377 3314 tionibus
405 3249 598 3331 adscriptum
627 3248 735 3314 fuerit:
768 3241 895 3331 ἱστορεῖ
916 3239 1099 3332 Εὕριπίδης
1125 3250 1182 3313 aut
1210 3249 1275 3313 tale
1296 3247 1391 3331 quid;

241 3367 321 3430 quae
343 3349 505 3431 inscriptio
534 3368 608 3415 casu
634 3350 666 3414 in
692 3368 753 3414 uno
781 3351 920 3415 alterove
952 3349 1088 3432 exemplo
1121 3368 1218 3432 usque
1239 3349 1281 3414 ad
1302 3349 1391 3431 Apu·

240 3451 294 3516 leii
326 3452 467 3532 tempora
500 3449 626 3515 (limavit
635 3451 654 3514 ¹.
701 3450 809 3533 Neque
838 3450 938 3533 igitur
968 3449 1007 3514 ad
1040 3451 1211 3514 extremum
1241 3449 1274 3514 id
1300 3451 1390 3531 parui

241 3552 483 3630 aestimandum,
521 3551 603 3633 quod
637 3551 787 3632 Apuleius
824 3549 863 3634 (c.
895 3551 936 3632 V)
977 3551 1084 3615 narrat
1119 3569 1284 3615 novercam
1318 3568 1391 3632 pro·

239 3653 347 3718 bosam
380 3651 634 3716 sollicitationem
668 3652 833 3716 mentitam
862 3651 944 3717 ultro
972 3651 1094 3716 tinxisse
1123 3651 1303 3734 privignum
1330 3651 1390 3716 sibi

241 3755 281 3819 ob
313 3754 470 3819 detectum
498 3752 653 3835 flagitium
688 3753 795 3836 gladio
827 3753 1053 3818 comminatum
1087 3771 1160 3830 esse,
1194 3751 1391 3834 quandoqui-

240 3854 309 3919 dem
343 3853 537 3918 consimilem
570 3854 703 3920 Senecae
736 3852 916 3919 fictionem*
948 3853 1090 3936 Euripidi
1123 3853 1255 3918 fortasse
1287 3851 1390 3918 vindi·

342 4119 351 4150 ¹
370 4119 522 4188 Apuleium
540 4120 629 4188 ipsam
649 4118 769 4174 Senecae
788 4118 913 4174 fabulam
932 4122 998 4172 ante
1023 4118 1117 4173 oculos
1142 4115 1280 4182 habuisse,
1306 4114 1390 4182 sien,

241 4224 313 4276 quae
330 4224 415 4276 supra
433 4208 557 4277 exposui,
574 4208 723 4278 reputaris,
742 4225 797 4262 non
817 4207 936 4276 amplius
956 4205 1120 4261 affirmabis.

341 4295 475 4350 ²Seneca
503 4295 599 4350 differt
626 4313 658 4351 eo
686 4299 807 4363 tantum,
836 4294 912 4363 quod
935 4293 1105 4363 Hippolytus
1134 4292 1229 4363 gladio
1257 4290 1388 4360 pudicam

240 4383 373 4438 terruisse
395 4382 500 4437 dicitur
518 4400 544 4437 v.
563 4385 623 4437 728.
642 4384 704 4437 891.
