3142 5074
740 395 775 448 83

184 560 321 626 Libanus
343 562 374 628 et
395 560 608 648 Antilibanus,
640 565 693 630 ubi
715 565 788 630 tura
814 566 1020 650 colliguntur’
1056 569 1108 651 (cf.
1131 570 1216 636 Serv.
1239 570 1331 656 Verg.

184 661 263 726 Aen.
284 661 309 741 Ι,
331 660 416 745 416).

283 763 470 830 Accuratius
493 764 530 829 de
552 764 675 831 fabulae
697 765 889 848 antiquitate
910 766 1058 832 disserere
1080 768 1171 834 huius
1194 769 1254 835 loci
1270 789 1331 836 non

184 863 243 942 est;
277 863 503 931 Alexandrinos
523 867 630 948 poetas
658 867 725 932 eam
747 866 779 931 in
801 866 911 949 primis
932 867 1153 936 illustrandam
1175 871 1234 938 sibi
1260 891 1332 956 pro-

183 965 327 1048 posuisse,
358 967 394 1030 ut
420 965 452 1031 in
480 987 541 1050 qua
569 966 701 1033 illicitae
723 967 850 1033 Veneris
873 969 1046 1035 cantandae
1068 973 1258 1039 occasionem
1281 995 1332 1040 er·

184 1059 413 1149 optatissimam
445 1069 476 1134 et
503 1069 690 1134 discordium
721 1069 836 1135 amoris
867 1069 1034 1135 affectuum
1067 1072 1329 1159 depingendorum

182 1169 422 1235 invitamentum
439 1170 667 1235 validissimum
680 1171 837 1246 haberent,
862 1173 931 1255 quis
943 1173 998 1248 est,
1018 1173 1093 1256 quin
1116 1194 1237 1241 mecum
1259 1196 1331 1243 con·

183 1269 312 1335 cludat?
355 1271 493 1351 Accedit,
528 1271 611 1354 quod
633 1271 786 1336 Adonidis
811 1272 879 1338 fata
903 1273 942 1338 iis
970 1273 1055 1338 cordi
1082 1278 1165 1342 certe
1193 1277 1329 1358 fuerunt,

182 1370 218 1432 nt
250 1371 358 1453 poetae
390 1371 544 1436 bucolioi¹
577 1371 608 1437 et
641 1372 780 1454 picturae
810 1373 1040 1455 Pompeianae²
1067 1377 1232 1460 evincunt;
1269 1379 1330 1444 im-

182 1471 291 1553 primis
326 1473 498 1557 denique'
489 1495 523 1539 1n
552 1475 696 1558 Aegypto
733 1476 797 1540 eius
831 1476 933 1541 cultus
966 1479 1101 1543 marimo
1134 1480 1329 1546 veneratione

182 1572 357 1639 celebrabat
344 1575 395 1638 tur
428 1575 481 1656 (cl.
506 1574 647 1640 Grevel.
669 1575 690 1640 1.
711 1594 739 1657 p
762 1575 886 1657 29).1
888 1578 982 1659 taque
1004 1578 1122 1643 haudt
1109 1580 1223 1645 temere
1256 1599 1329 1646 con·

181 1675 259 1740 icias
290 1676 323 1740 in
349 1676 469 1759 Hygini
495 1676 642 1760 Myrrhae
678 1676 784 1743 sabula
811 1679 851 1742 58
882 1677 1161 1745 Alexandrinorum
1195 1682 1328 1763 vestigia

181 1775 287 1855 latere,
321 1777 468 1859 quoniam
500 1778 677 1861 sequentem
711 1777 850 1843 fabulam
884 1779 1052 1846 Battiadae
1083 1785 1184 1847 artem
1218 1783 1248 1848 et
1279 1784 1328 1847 in·

181 1878 307 1960 genium
341 1879 458 1961 spirare
488 1879 619 1944 Knaaclr
652 1879 684 1960 (l.
706 1878 728 1944 l.
742 1898 787 1961 p.
810 1880 864 1958 41)
892 1879 1170 1948 Wilamouitnium
1204 1885 1328 1950 secutus

181 1979 335 2060 probavit.
378 1980 415 2044 In
440 1979 624 2062 Apollodori
656 1981 834 2046 narratione
868 1982 968 2046 solent
999 1983 1123 2065 quidem
1159 1985 1326 2069 Panyasim

182 2081 340 2171 auctorem
362 2081 512 2159 credere³‚
535 2082 700 2147 temerario
723 2082 829 2147 tamen
850 2081 980 2162 iudicio;
1003 2103 1077 2148 narn
1099 2084 1164 2149 eius
1186 2085 1328 2150 testimo-

182 2181 269 2245 nium
291 2183 383 2247 antea
406 2172 592 2264 exscriptum
613 2183 705 2247 solito
728 2200 812 2248 more
834 2184 867 2247 in
889 2182 955 2248 sola
980 2185 1163 2268 genealogia
1188 2185 1326 2251 affertur.

182 2281 323 2346 Titulum
346 2283 478 2366 denique
499 2283 697 2366 indagatum,
726 2283 779 2366 qui
803 2284 954 2348 Antonini
976 2284 1125 2350 Liberalis
1148 2269 1327 2352 narratirin·

181 2379 504 2467 culae‘praefigendus
526 2384 577 2466 sit,
610 2385 646 2450 de
669 2383 876 2450 Alexandrino
899 2384 1004 2469 aliquo
1027 2388 1153 2451 auctore
1179 2387 1238 2453 tibi
1262 2387 1324 2454 iam

181 2485 345 2561 constabit,
372 2487 553 2568 praesertim
574 2506 645 2551 oum
667 2487 704 2551 de
725 2486 999 2552 transformatione
1022 2488 1136 2570 agatur
1157 2489 1188 2553 et
1202 2488 1326 2554 fabulae

180 2586 390 2670 qnadraginta
413 2607 484 2671 una,
517 2586 668 2670 quasillo
692 2587 889 2670 constipavit,
917 2588 980 2652 fere
1002 2607 1107 2653 omnes
1129 2589 1169 2654 ab
1192 2589 1326 2654 Alexan-

180 2687 277 2753 drinis
299 2689 478 2755 auctoribus
499 2690 648 2771 repetitae
668 2689 739 2754 sint.
776 2689 900 2772 Viginti
915 2690 1019 2755 antem
1042 2690 1121 2755 duae
1143 2689 1325 2754 eNicandri

179 2789 433 2855 Heteroenmonis
466 2792 626 2872 excerptae
659 2791 733 2854 sunt
768 2790 822 2869 (cf.
850 2789 1019 2857 Schneider
1041 2790 1108 2855 Nic.
1138 2809 1166 2872 p.
1192 2791 1233 2854 42
1255 2792 1326 2873 sq.).

178 2890 290 2973 ltaque
312 2909 426 2974 pronus
450 2891 512 2956 lere
535 2910 603 2956 sum
627 2892 660 2955 in
686 2910 754 2956 eam
781 2890 977 2968 sententiam,
1013 2891 1049 2954 ut
1075 2889 1173 2954 eidem
1204 2891 1324 2956 auctori

166 2979 331 3056 nostram'
347 2990 486 3057 fabulam
508 2991 611 3057 deberi
634 2992 756 3074 putem3
790 3009 864 3055 nam
897 2990 978 3074 quod
1010 2990 1143 3074 legimus
1166 2989 1199 3054 in
1221 2989 1323 3056 Schol.

178 3091 331 3158 Theocrit.
354 3093 392 3168 V,
414 3093 469 3156 92:
492 3086 552 3176 τήν
574 3082 740 3176 ἀνεμώνην
761 3085 941 3173 Νικανδρός
962 3111 1062 3176 φησιν
1075 3087 1119 3155 dn
1140 3090 1200 3155 τοῦ
1220 3081 1325 3155 ’Adci-

177 3191 266 3270 νιδος
286 3192 424 3275 αἵματος
445 3195 565 3279 φυῆναι
586 3192 679 3258 fidem
702 3192 779 3257 facit
800 3211 871 3257 eum
893 3191 930 3256 de
953 3191 1098 3274 Myrrhae
1120 3191 1194 3257 latis
1216 3193 1324 3275 egisse.

178 3293 224 3359 De
255 3312 404 3359 anemone
438 3295 543 3360 autem
575 3293 705 3384 Ovidius
735 3292 817 3358 idern
851 3291 991 3374 perhibet
1030 3291 1072 3369 (v.
1106 3292 1165 3356 731
1194 3309 1250 3374 sq„
1284 3292 1323 3358 cl.

178 3392 278 3459 (treve
299 3393 320 3457 l.
343 3395 364 3459 l.
388 3414 415 3476 p.
431 3396 474 3477 8),
508 3396 562 3478 qni
585 3413 749 3460 consensus
774 3411 835 3458 non
857 3393 903 3458 ita
925 3391 1014 3476 parvi
1036 3392 1246 3457 aestimandus
1268 3393 1322 3476 est,

278 3547 349 3602 ¹cf.
368 3546 508 3602 Theocrit.
527 3546 644 3600 luxu.
672 3546 751 3601 Bion.
770 3545 810 3600 ld.
834 3545 856 3610 1,
875 3545 925 3599 ubi
954 3543 990 3614 (v.
1009 3545 1054 3612 91)
1080 3544 1186 3598 Adonis
1206 3544 1323 3612 Cinyrae

176 3633 251 3689 filius
275 3640 400 3691 vocatur.
437 3635 533 3704 Neque
558 3635 763 3706 neglegendum
782 3633 1030 3704 Philostephanum
1053 3632 1218 3688 Callimachi
1241 3633 1323 3688 disci·

176 3726 275 3794 pulum
296 3725 388 3779 Probo
408 3729 529 3787 auctore,
548 3728 581 3778 ut
599 3728 681 3778 antea
699 3723 806 3792 notavi,
833 3724 867 3778 de
885 3722 1015 3777 Adonide
1034 3722 1122 3794 egisse
1140 3721 1186 3790 (cf.
1204 3721 1323 3776 Mueller

175 3812 208 3868 F.
226 3813 261 3868 Η.
281 3812 314 3867 G.
332 3813 372 3866 111
390 3830 418 3882 p.
437 3816 469 3866 31
490 3812 544 3883 frg.
567 3815 617 3881 14).

276 3903 387 3959 ²Helb.
406 3919 451 3956 no.
471 3904 523 3956 329
541 3920 581 3971 sq.
616 3903 753 3956 Adonidis
772 3905 885 3972 partum
902 3920 917 3957 e
935 3901 1066 3971 Myrrhae
1086 3901 1187 3955 arbore
1205 3902 1322 3972 agnovit

176 3989 290 4058 Dilthey
309 3990 423 4059 (Bullet.
447 3991 511 4045 dell'
531 3991 598 4044 Inst.
625 3992 692 4044 1869
716 4008 744 4061 p.
771 3991 833 4060 158)
861 3991 890 4044 in
913 3991 1024 4060 pictura
1046 3989 1215 4058 Pompeiana
1237 3989 1318 4044 Helb.

176 4095 220 4132 no.
243 4079 310 4132 1390
334 4097 440 4133 summa
456 4097 518 4134 eum
538 4079 628 4149 specie
647 4079 716 4148 veri,
749 4083 885 4148 quatenus
904 4078 1053 4132 delineatio
1071 4095 1172 4147 parum
1190 4082 1322 4136 accurata

176 4165 431 4234 (Raoul-Rochette
449 4184 521 4222 mon.
541 4167 615 4221 ineu.
635 4168 666 4220 Τ.
686 4167 733 4237 48)
751 4167 885 4220 iudicium
903 4167 1036 4221 admittit.

199 4269 202 4276 '
275 4256 286 4288 ³
306 4255 346 4310 cf.
365 4256 469 4310 Kinkel
488 4255 542 4326 frg.
562 4257 596 4308 25
615 4274 641 4325 p.
661 4257 723 4308 264.
753 4255 867 4308 Funcke
886 4255 921 4308 de
940 4253 1055 4322 Panyas.
1073 4255 1163 4309 Helie.
1181 4273 1209 4325 p.
1227 4258 1261 4310 60
1279 4273 1320 4324 sq.

175 4341 266 4398 Greve
283 4343 300 4396 l.
318 4345 337 4398 l.
356 4362 383 4414 p.
402 4347 428 4399 4.
464 4347 504 4398 At
522 4344 687 4398 Tzschirner
703 4343 859 4411 (Panyasid.
878 4342 978 4412 fragm.
995 4360 1022 4412 p.
1036 4343 1083 4413 49)
1101 4347 1177 4398 recte
1194 4343 1265 4398 nihil
1284 4344 1320 4402 ed

174 4430 321 4501 Panyasim
339 4433 516 4487 referendum
533 4449 592 4486 esse
610 4432 710 4487 statuit
728 4431 782 4486 nisi
800 4431 938 4486 Adonidis
956 4435 1095 4500 parentes.
