<?xml version="1.0" encoding="UTF-8"?>
<!DOCTYPE html PUBLIC "-//W3C//DTD XHTML 1.0 Transitional//EN"
    "http://www.w3.org/TR/xhtml1/DTD/xhtml1-transitional.dtd">
<html xmlns="http://www.w3.org/1999/xhtml" xml:lang="en" lang="en">
 <head>
  <title>
</title>
<meta http-equiv="Content-Type" content="text/html;charset=utf-8" />
  <meta name='ocr-system' content='tesseract 3.04.00' />
  <meta name='ocr-capabilities' content='ocr_page ocr_carea ocr_par ocr_line ocrx_word'/>
</head>
<body>
  <div class='ocr_page' id='page_1' title='image "./dehippolytiseur00kalkgoog_0129.png"; bbox 0 0 3142 5074; ppageno 0'>
   <div class='ocr_carea' id='block_1_1' title="bbox 753 359 803 412">
    <p class='ocr_par' dir='ltr' id='par_1_1' title="bbox 753 359 803 412">
     <span class='ocr_line' id='line_1_1' title="bbox 753 359 803 412; baseline 0 0"><span class='ocrx_word' id='word_1_1' title='bbox 753 359 803 412; x_wconf 85' lang='grc'>118</span> 
     </span>
    </p>
   </div>
   <div class='ocr_carea' id='block_1_2' title="bbox 202 531 1357 2236">
    <p class='ocr_par' dir='ltr' id='par_1_2' title="bbox 202 531 1357 2236">
     <span class='ocr_line' id='line_1_2' title="bbox 202 531 1351 619; baseline -0.003 -20"><span class='ocrx_word' id='word_1_2' title='bbox 202 538 276 619; x_wconf 88' lang='lat' dir='ltr'>tem,</span> <span class='ocrx_word' id='word_1_3' title='bbox 299 535 331 598; x_wconf 90' lang='lat' dir='ltr'>in</span> <span class='ocrx_word' id='word_1_4' title='bbox 353 555 415 617; x_wconf 90' lang='lat' dir='ltr'>qna</span> <span class='ocrx_word' id='word_1_5' title='bbox 437 537 527 618; x_wconf 88' lang='lat' dir='ltr'>poeta</span> <span class='ocrx_word' id='word_1_6' title='bbox 550 533 772 616; x_wconf 70' lang='lat' dir='ltr'>cogitationem</span> <span class='ocrx_word' id='word_1_7' title='bbox 795 533 833 599; x_wconf 93' lang='lat' dir='ltr'>de</span> <span class='ocrx_word' id='word_1_8' title='bbox 854 533 954 598; x_wconf 83' lang='lat' dir='ltr'>forma</span> <span class='ocrx_word' id='word_1_9' title='bbox 977 532 1113 614; x_wconf 79' lang='lat' dir='ltr'>ancipite</span> <span class='ocrx_word' id='word_1_10' title='bbox 1133 531 1213 597; x_wconf 91' lang='lat' dir='ltr'>bono</span> <span class='ocrx_word' id='word_1_11' title='bbox 1236 532 1351 596; x_wconf 88' lang='lat' dir='ltr'>morta-</span> 
     </span>
     <span class='ocr_line' id='line_1_3' title="bbox 203 633 1352 718; baseline -0.004 -18"><span class='ocrx_word' id='word_1_12' title='bbox 203 637 284 700; x_wconf 85' lang='lat' dir='ltr'>libus</span> <span class='ocrx_word' id='word_1_13' title='bbox 314 655 423 718; x_wconf 91' lang='lat' dir='ltr'>parum</span> <span class='ocrx_word' id='word_1_14' title='bbox 450 636 522 700; x_wconf 91' lang='lat' dir='ltr'>tuta</span> <span class='ocrx_word' id='word_1_15' title='bbox 548 636 605 700; x_wconf 89' lang='lat' dir='ltr'>illa</span> <span class='ocrx_word' id='word_1_16' title='bbox 633 634 712 699; x_wconf 89' lang='lat' dir='ltr'>aviis</span> <span class='ocrx_word' id='word_1_17' title='bbox 739 635 815 700; x_wconf 89' lang='lat' dir='ltr'>locis</span> <span class='ocrx_word' id='word_1_18' title='bbox 842 634 885 714; x_wconf 88' lang='lat' dir='ltr'>(v.</span> <span class='ocrx_word' id='word_1_19' title='bbox 909 634 968 698; x_wconf 91' lang='grc'>777</span> <span class='ocrx_word' id='word_1_20' title='bbox 990 634 1051 715; x_wconf 83' lang='lat' dir='ltr'>sq.)</span> <span class='ocrx_word' id='word_1_21' title='bbox 1077 633 1225 711; x_wconf 83' lang='lat' dir='ltr'>illustrat,</span> <span class='ocrx_word' id='word_1_22' title='bbox 1257 651 1352 715; x_wconf 89' lang='lat' dir='ltr'>quam</span> 
     </span>
     <span class='ocr_line' id='line_1_4' title="bbox 206 732 1351 819; baseline -0.003 -19"><span class='ocrx_word' id='word_1_23' title='bbox 206 737 384 818; x_wconf 81' lang='lat' dir='ltr'>Propertius</span> <span class='ocrx_word' id='word_1_24' title='bbox 406 736 438 800; x_wconf 88' lang='lat' dir='ltr'>in</span> <span class='ocrx_word' id='word_1_25' title='bbox 461 735 563 819; x_wconf 81' lang='lat' dir='ltr'>Hylae</span> <span class='ocrx_word' id='word_1_26' title='bbox 584 735 720 800; x_wconf 88' lang='lat' dir='ltr'>carmine</span> <span class='ocrx_word' id='word_1_27' title='bbox 741 734 780 819; x_wconf 84' lang='grc' dir='ltr'>(Ι,</span> <span class='ocrx_word' id='word_1_28' title='bbox 803 737 857 814; x_wconf 85' lang='grc'>20)</span> <span class='ocrx_word' id='word_1_29' title='bbox 878 734 977 816; x_wconf 90' lang='lat' dir='ltr'>lepide</span> <span class='ocrx_word' id='word_1_30' title='bbox 998 733 1135 798; x_wconf 86' lang='lat' dir='ltr'>exornat.</span> <span class='ocrx_word' id='word_1_31' title='bbox 1149 769 1185 778; x_wconf 90' lang='lat'>—</span> <span class='ocrx_word' id='word_1_32' title='bbox 1199 732 1258 800; x_wconf 85' lang='lat' dir='ltr'>Sed</span> <span class='ocrx_word' id='word_1_33' title='bbox 1281 751 1351 797; x_wconf 87' lang='lat' dir='ltr'>cum</span> 
     </span>
     <span class='ocr_line' id='line_1_5' title="bbox 205 833 1353 920; baseline -0.004 -19"><span class='ocrx_word' id='word_1_34' title='bbox 205 855 340 920; x_wconf 82' lang='lat' dir='ltr'>augurer</span> <span class='ocrx_word' id='word_1_35' title='bbox 361 837 435 915; x_wconf 85' lang='lat' dir='ltr'>fore,</span> <span class='ocrx_word' id='word_1_36' title='bbox 472 835 525 919; x_wconf 89' lang='lat' dir='ltr'>qui</span> <span class='ocrx_word' id='word_1_37' title='bbox 547 836 625 900; x_wconf 87' lang='lat' dir='ltr'>talia</span> <span class='ocrx_word' id='word_1_38' title='bbox 651 853 712 899; x_wconf 89' lang='lat' dir='ltr'>non</span> <span class='ocrx_word' id='word_1_39' title='bbox 735 835 861 916; x_wconf 81' lang='lat' dir='ltr'>seorsim</span> <span class='ocrx_word' id='word_1_40' title='bbox 885 835 1007 900; x_wconf 85' lang='lat' dir='ltr'>auerte</span> <span class='ocrx_word' id='word_1_41' title='bbox 1036 833 1170 916; x_wconf 90' lang='lat' dir='ltr'>quodam</span> <span class='ocrx_word' id='word_1_42' title='bbox 1199 833 1275 898; x_wconf 91' lang='lat' dir='ltr'>certi</span> <span class='ocrx_word' id='word_1_43' title='bbox 1302 853 1353 899; x_wconf 90' lang='lat' dir='ltr'>ar-</span> 
     </span>
     <span class='ocr_line' id='line_1_6' title="bbox 205 934 1352 1021; baseline -0.003 -20"><span class='ocrx_word' id='word_1_44' title='bbox 205 938 346 1021; x_wconf 84' lang='lat' dir='ltr'>gumenti</span> <span class='ocrx_word' id='word_1_45' title='bbox 379 938 469 1019; x_wconf 91' lang='lat' dir='ltr'>poeta</span> <span class='ocrx_word' id='word_1_46' title='bbox 502 936 654 1019; x_wconf 85' lang='lat' dir='ltr'>originem</span> <span class='ocrx_word' id='word_1_47' title='bbox 687 936 817 1020; x_wconf 83' lang='lat' dir='ltr'>duxisse,</span> <span class='ocrx_word' id='word_1_48' title='bbox 849 935 902 1001; x_wconf 92' lang='lat' dir='ltr'>sed</span> <span class='ocrx_word' id='word_1_49' title='bbox 935 955 989 1018; x_wconf 88' lang='lat' dir='ltr'>per</span> <span class='ocrx_word' id='word_1_50' title='bbox 1017 955 1121 1001; x_wconf 92' lang='lat' dir='ltr'>omnes</span> <span class='ocrx_word' id='word_1_51' title='bbox 1153 935 1253 1016; x_wconf 89' lang='lat' dir='ltr'>poesis</span> <span class='ocrx_word' id='word_1_52' title='bbox 1277 934 1352 998; x_wconf 87' lang='lat' dir='ltr'>lines</span> 
     </span>
     <span class='ocr_line' id='line_1_7' title="bbox 205 1035 1352 1120; baseline -0.003 -17"><span class='ocrx_word' id='word_1_53' title='bbox 205 1057 348 1104; x_wconf 85' lang='lat' dir='ltr'>manasse</span> <span class='ocrx_word' id='word_1_54' title='bbox 369 1057 406 1102; x_wconf 91' lang='lat' dir='ltr'>ac</span> <span class='ocrx_word' id='word_1_55' title='bbox 431 1039 602 1120; x_wconf 86' lang='lat' dir='ltr'>propagata</span> <span class='ocrx_word' id='word_1_56' title='bbox 625 1056 688 1102; x_wconf 88' lang='lat' dir='ltr'>esse</span> <span class='ocrx_word' id='word_1_57' title='bbox 711 1036 901 1102; x_wconf 78' lang='lat' dir='ltr'>contendant</span> <span class='ocrx_word' id='word_1_58' title='bbox 930 1035 983 1119; x_wconf 82' lang='lat' dir='ltr'>(cf.</span> <span class='ocrx_word' id='word_1_59' title='bbox 1007 1037 1067 1102; x_wconf 84' lang='lat' dir='ltr'>heo</span> <span class='ocrx_word' id='word_1_60' title='bbox 1089 1036 1109 1100; x_wconf 95' lang='lat' dir='ltr'>l.</span> <span class='ocrx_word' id='word_1_61' title='bbox 1127 1036 1148 1099; x_wconf 92' lang='lat' dir='ltr'>l.</span> <span class='ocrx_word' id='word_1_62' title='bbox 1172 1055 1200 1117; x_wconf 88' lang='lat' dir='ltr'>p.</span> <span class='ocrx_word' id='word_1_63' title='bbox 1223 1036 1293 1100; x_wconf 84' lang='grc'>165.</span> <span class='ocrx_word' id='word_1_64' title='bbox 1313 1041 1352 1114; x_wconf 84' lang='lat'>7),</span> 
     </span>
     <span class='ocr_line' id='line_1_8' title="bbox 206 1137 1354 1228; baseline -0.002 -24"><span class='ocrx_word' id='word_1_65' title='bbox 206 1140 338 1205; x_wconf 87' lang='lat' dir='ltr'>certiora</span> <span class='ocrx_word' id='word_1_66' title='bbox 355 1139 493 1204; x_wconf 88' lang='lat' dir='ltr'>subsidia</span> <span class='ocrx_word' id='word_1_67' title='bbox 515 1139 789 1220; x_wconf 85' lang='lat' dir='ltr'>circumspicienda</span> <span class='ocrx_word' id='word_1_68' title='bbox 811 1139 894 1202; x_wconf 87' lang='lat' dir='ltr'>sunt.</span> <span class='ocrx_word' id='word_1_69' title='bbox 946 1137 1032 1228; x_wconf 83' lang='lat' dir='ltr'>erae</span> <span class='ocrx_word' id='word_1_70' title='bbox 1055 1138 1080 1202; x_wconf 89' lang='lat' dir='ltr'>si</span> <span class='ocrx_word' id='word_1_71' title='bbox 1105 1138 1254 1202; x_wconf 86' lang='lat' dir='ltr'>seniorem</span> <span class='ocrx_word' id='word_1_72' title='bbox 1278 1137 1354 1202; x_wconf 89' lang='lat' dir='ltr'>Phi·</span> 
     </span>
     <span class='ocr_line' id='line_1_9' title="bbox 206 1238 1353 1322; baseline -0.003 -16"><span class='ocrx_word' id='word_1_73' title='bbox 206 1241 372 1306; x_wconf 89' lang='lat' dir='ltr'>lostratum</span> <span class='ocrx_word' id='word_1_74' title='bbox 401 1241 539 1304; x_wconf 91' lang='lat' dir='ltr'>laturum</span> <span class='ocrx_word' id='word_1_75' title='bbox 570 1238 702 1316; x_wconf 82' lang='lat' dir='ltr'>affirmo,</span> <span class='ocrx_word' id='word_1_76' title='bbox 734 1239 766 1303; x_wconf 89' lang='lat' dir='ltr'>id</span> <span class='ocrx_word' id='word_1_77' title='bbox 789 1239 940 1304; x_wconf 90' lang='lat' dir='ltr'>miraculo</span> <span class='ocrx_word' id='word_1_78' title='bbox 966 1258 1030 1304; x_wconf 87' lang='lat' dir='ltr'>esse</span> <span class='ocrx_word' id='word_1_79' title='bbox 1057 1239 1173 1322; x_wconf 80' lang='lat' dir='ltr'>nequit,</span> <span class='ocrx_word' id='word_1_80' title='bbox 1206 1238 1353 1321; x_wconf 91' lang='lat' dir='ltr'>quoniam</span> 
     </span>
     <span class='ocr_line' id='line_1_10' title="bbox 207 1340 1355 1425; baseline -0.005 -17"><span class='ocrx_word' id='word_1_81' title='bbox 207 1343 298 1408; x_wconf 89' lang='lat' dir='ltr'>antea</span> <span class='ocrx_word' id='word_1_82' title='bbox 323 1342 384 1406; x_wconf 88' lang='lat' dir='ltr'>iarn</span> <span class='ocrx_word' id='word_1_83' title='bbox 408 1343 441 1406; x_wconf 92' lang='lat' dir='ltr'>in</span> <span class='ocrx_word' id='word_1_84' title='bbox 464 1341 668 1422; x_wconf 88' lang='lat' dir='ltr'>descriptione</span> <span class='ocrx_word' id='word_1_85' title='bbox 691 1341 895 1425; x_wconf 86' lang='lat' dir='ltr'>Hippolyteae</span> <span class='ocrx_word' id='word_1_86' title='bbox 917 1341 1065 1423; x_wconf 84' lang='lat' dir='ltr'>imaginis</span> <span class='ocrx_word' id='word_1_87' title='bbox 1087 1342 1143 1424; x_wconf 91' lang='lat' dir='ltr'>(II,</span> <span class='ocrx_word' id='word_1_88' title='bbox 1162 1340 1197 1423; x_wconf 85' lang='grc'>4)</span> <span class='ocrx_word' id='word_1_89' title='bbox 1220 1340 1355 1405; x_wconf 83' lang='lat' dir='ltr'>Alexan·</span> 
     </span>
     <span class='ocr_line' id='line_1_11' title="bbox 206 1442 1355 1526; baseline -0.003 -19"><span class='ocrx_word' id='word_1_90' title='bbox 206 1443 311 1508; x_wconf 89' lang='lat' dir='ltr'>drinos</span> <span class='ocrx_word' id='word_1_91' title='bbox 328 1443 443 1507; x_wconf 88' lang='lat' dir='ltr'>colores</span> <span class='ocrx_word' id='word_1_92' title='bbox 457 1443 631 1524; x_wconf 86' lang='lat' dir='ltr'>suspicatus</span> <span class='ocrx_word' id='word_1_93' title='bbox 654 1461 721 1507; x_wconf 90' lang='lat' dir='ltr'>sum</span> <span class='ocrx_word' id='word_1_94' title='bbox 735 1445 778 1526; x_wconf 76' lang='lat' dir='ltr'>(p.</span> <span class='ocrx_word' id='word_1_95' title='bbox 791 1444 855 1522; x_wconf 79' lang='lat'><strong>58).</strong></span> <span class='ocrx_word' id='word_1_96' title='bbox 900 1443 960 1508; x_wconf 89' lang='lat' dir='ltr'>Ubi</span> <span class='ocrx_word' id='word_1_97' title='bbox 983 1442 1083 1524; x_wconf 87' lang='lat' dir='ltr'>igitur</span> <span class='ocrx_word' id='word_1_98' title='bbox 1105 1442 1142 1507; x_wconf 91' lang='lat' dir='ltr'>de</span> <span class='ocrx_word' id='word_1_99' title='bbox 1163 1443 1264 1506; x_wconf 90' lang='lat' dir='ltr'>herois</span> <span class='ocrx_word' id='word_1_100' title='bbox 1287 1458 1355 1506; x_wconf 91' lang='lat' dir='ltr'>cor-</span> 
     </span>
     <span class='ocr_line' id='line_1_12' title="bbox 206 1536 1355 1630; baseline -0.004 -20"><span class='ocrx_word' id='word_1_101' title='bbox 206 1564 278 1628; x_wconf 89' lang='lat' dir='ltr'>pore</span> <span class='ocrx_word' id='word_1_102' title='bbox 292 1545 380 1610; x_wconf 89' lang='lat' dir='ltr'>foede</span> <span class='ocrx_word' id='word_1_103' title='bbox 394 1544 566 1609; x_wconf 85' lang='lat' dir='ltr'>deformato</span> <span class='ocrx_word' id='word_1_104' title='bbox 589 1545 737 1626; x_wconf 81' lang='lat' dir='ltr'>exposuit,</span> <span class='ocrx_word' id='word_1_105' title='bbox 759 1544 913 1608; x_wconf 84' lang='lat' dir='ltr'>exclamat</span> <span class='ocrx_word' id='word_1_106' title='bbox 934 1543 1001 1608; x_wconf 91' lang='lat' dir='ltr'>ille:</span> <span class='ocrx_word' id='word_1_107' title='bbox 1024 1543 1087 1627; x_wconf 80' lang='grc' dir='ltr'>φεῦ</span> <span class='ocrx_word' id='word_1_108' title='bbox 1109 1545 1167 1630; x_wconf 75' lang='grc' dir='ltr'>τῆς</span> <span class='ocrx_word' id='word_1_109' title='bbox 1190 1536 1285 1625; x_wconf 81' lang='grc' dir='ltr'><strong><em>ὥρας,</em></strong></span> <span class='ocrx_word' id='word_1_110' title='bbox 1311 1539 1355 1620; x_wconf 77' lang='grc' dir='ltr'>ὠς</span> 
     </span>
     <span class='ocr_line' id='line_1_13' title="bbox 207 1630 1355 1732; baseline 0 -24"><span class='ocrx_word' id='word_1_111' title='bbox 207 1636 354 1730; x_wconf 65' lang='grc' dir='ltr'><strong><em>ἄτρωτός</em></strong></span> <span class='ocrx_word' id='word_1_112' title='bbox 382 1667 431 1720; x_wconf 81' lang='grc' dir='ltr'>τις</span> <span class='ocrx_word' id='word_1_113' title='bbox 458 1638 608 1732; x_wconf 71' lang='grc' dir='ltr'><strong><em>ἐλελήθει</em></strong></span> <span class='ocrx_word' id='word_1_114' title='bbox 635 1630 729 1708; x_wconf 78' lang='lat' dir='ltr'>odra·</span> <span class='ocrx_word' id='word_1_115' title='bbox 763 1644 842 1709; x_wconf 81' lang='grc' dir='ltr'><em>οὐδὲ</em></span> <span class='ocrx_word' id='word_1_116' title='bbox 864 1640 922 1730; x_wconf 82' lang='grc' dir='ltr'>γὰρ</span> <span class='ocrx_word' id='word_1_117' title='bbox 945 1646 1001 1708; x_wconf 82' lang='grc' dir='ltr'>νῦν</span> <span class='ocrx_word' id='word_1_118' title='bbox 1022 1643 1199 1709; x_wconf 83' lang='grc' dir='ltr'><strong><em>ἀπολείπει</em></strong></span> <span class='ocrx_word' id='word_1_119' title='bbox 1221 1639 1260 1709; x_wconf 78' lang='lat' dir='ltr'>cd</span> <span class='ocrx_word' id='word_1_120' title='bbox 1284 1666 1355 1727; x_wconf 85' lang='grc' dir='ltr'><strong><em>μει-</em></strong></span> 
     </span>
     <span class='ocr_line' id='line_1_14' title="bbox 208 1735 1354 1831; baseline -0.001 -21"><span class='ocrx_word' id='word_1_121' title='bbox 208 1747 328 1831; x_wconf 81' lang='grc' dir='ltr'><strong><em>ράκιον,</em></strong></span> <span class='ocrx_word' id='word_1_122' title='bbox 362 1735 431 1809; x_wconf 73' lang='grc' dir='ltr'>ἄλλ’</span> <span class='ocrx_word' id='word_1_123' title='bbox 459 1743 639 1829; x_wconf 77' lang='grc' dir='ltr'><strong><em>ἐπιπρέπει</em></strong></span> <span class='ocrx_word' id='word_1_124' title='bbox 666 1769 696 1810; x_wconf 83' lang='grc' dir='ltr'>τι</span> <span class='ocrx_word' id='word_1_125' title='bbox 725 1744 778 1810; x_wconf 87' lang='grc' dir='ltr'>καὶ</span> <span class='ocrx_word' id='word_1_126' title='bbox 805 1749 877 1824; x_wconf 83' lang='grc' dir='ltr'><strong><em>τοῖς</em></strong></span> <span class='ocrx_word' id='word_1_127' title='bbox 898 1742 1078 1830; x_wconf 81' lang='grc' dir='ltr'><strong><em>τραύμασιν</em></strong></span> <span class='ocrx_word' id='word_1_128' title='bbox 1104 1746 1354 1828; x_wconf 81' lang='lat' dir='ltr'>pulchritudiuis,</span> 
     </span>
     <span class='ocr_line' id='line_1_15' title="bbox 207 1847 1354 1931; baseline -0.001 -18"><span class='ocrx_word' id='word_1_129' title='bbox 207 1850 239 1913; x_wconf 91' lang='lat' dir='ltr'>in</span> <span class='ocrx_word' id='word_1_130' title='bbox 271 1867 332 1931; x_wconf 91' lang='lat' dir='ltr'>qua</span> <span class='ocrx_word' id='word_1_131' title='bbox 360 1847 559 1912; x_wconf 88' lang='lat' dir='ltr'>describenda</span> <span class='ocrx_word' id='word_1_132' title='bbox 581 1847 728 1914; x_wconf 84' lang='lat' dir='ltr'>Senecam</span> <span class='ocrx_word' id='word_1_133' title='bbox 757 1849 889 1913; x_wconf 90' lang='lat' dir='ltr'>multum</span> <span class='ocrx_word' id='word_1_134' title='bbox 920 1867 983 1913; x_wconf 85' lang='lat' dir='ltr'>esse</span> <span class='ocrx_word' id='word_1_135' title='bbox 1011 1848 1155 1926; x_wconf 84' lang='lat' dir='ltr'>vidimus,</span> <span class='ocrx_word' id='word_1_136' title='bbox 1188 1847 1354 1913; x_wconf 86' lang='lat' dir='ltr'>manifesto</span> 
     </span>
     <span class='ocr_line' id='line_1_16' title="bbox 210 1948 1355 2032; baseline 0 -20"><span class='ocrx_word' id='word_1_137' title='bbox 210 1950 361 2014; x_wconf 91' lang='lat' dir='ltr'>rationem</span> <span class='ocrx_word' id='word_1_138' title='bbox 394 1949 528 2025; x_wconf 88' lang='lat' dir='ltr'>habens;</span> <span class='ocrx_word' id='word_1_139' title='bbox 568 1967 628 2031; x_wconf 93' lang='lat' dir='ltr'>quo</span> <span class='ocrx_word' id='word_1_140' title='bbox 660 1948 776 2030; x_wconf 87' lang='lat' dir='ltr'>pariter</span> <span class='ocrx_word' id='word_1_141' title='bbox 808 1949 910 2014; x_wconf 90' lang='lat' dir='ltr'>tendit</span> <span class='ocrx_word' id='word_1_142' title='bbox 933 1948 1082 2015; x_wconf 83' lang='lat' dir='ltr'>Chariton</span> <span class='ocrx_word' id='word_1_143' title='bbox 1105 1949 1355 2032; x_wconf 84' lang='lat' dir='ltr'>Aphrodisiensis</span> 
     </span>
     <span class='ocr_line' id='line_1_17' title="bbox 209 2050 1356 2134; baseline -0.003 -17"><span class='ocrx_word' id='word_1_144' title='bbox 209 2051 249 2134; x_wconf 87' lang='grc' dir='ltr'>(Ι,</span> <span class='ocrx_word' id='word_1_145' title='bbox 272 2051 303 2132; x_wconf 83' lang='grc'>1)</span> <span class='ocrx_word' id='word_1_146' title='bbox 325 2051 446 2132; x_wconf 86' lang='lat' dir='ltr'>praeter</span> <span class='ocrx_word' id='word_1_147' title='bbox 466 2050 598 2114; x_wconf 88' lang='lat' dir='ltr'>aliorum</span> <span class='ocrx_word' id='word_1_148' title='bbox 623 2051 750 2114; x_wconf 88' lang='lat' dir='ltr'>heroum</span> <span class='ocrx_word' id='word_1_149' title='bbox 772 2050 1035 2132; x_wconf 89' lang='lat' dir='ltr'>pulchritudinem</span> <span class='ocrx_word' id='word_1_150' title='bbox 1058 2051 1265 2134; x_wconf 83' lang='lat' dir='ltr'>Hippolytum</span> <span class='ocrx_word' id='word_1_151' title='bbox 1287 2051 1356 2114; x_wconf 92' lang='lat' dir='ltr'>lau-</span> 
     </span>
     <span class='ocr_line' id='line_1_18' title="bbox 209 2140 1357 2236; baseline -0.003 -19"><span class='ocrx_word' id='word_1_152' title='bbox 209 2153 295 2232; x_wconf 68' lang='lat' dir='ltr'>dans</span> <span class='ocrx_word' id='word_1_153' title='bbox 319 2171 389 2216; x_wconf 92' lang='lat' dir='ltr'>cum</span> <span class='ocrx_word' id='word_1_154' title='bbox 403 2170 463 2233; x_wconf 89' lang='lat' dir='ltr'>quo</span> <span class='ocrx_word' id='word_1_155' title='bbox 480 2148 646 2216; x_wconf 82' lang='lat' dir='ltr'>Chaeream</span> <span class='ocrx_word' id='word_1_156' title='bbox 663 2143 835 2233; x_wconf 79' lang='grc' dir='ltr'><strong><em>μειράκιον</em></strong></span> <span class='ocrx_word' id='word_1_157' title='bbox 846 2140 1023 2236; x_wconf 69' lang='grc' dir='ltr'><strong><em>εὔμορφον,</em></strong></span> <span class='ocrx_word' id='word_1_158' title='bbox 1045 2145 1179 2214; x_wconf 81' lang='grc' dir='ltr'><strong><em>πάντων</em></strong></span> <span class='ocrx_word' id='word_1_159' title='bbox 1198 2149 1357 2234; x_wconf 78' lang='grc' dir='ltr'><strong><em>ὑπερέχον</em></strong></span> 
     </span>
    </p>
   </div>
   <div class='ocr_carea' id='block_1_3' title="bbox 209 2252 1471 2437">
    <p class='ocr_par' dir='ltr' id='par_1_3' title="bbox 209 2252 1471 2437">
     <span class='ocr_line' id='line_1_19' title="bbox 210 2252 1419 2336; baseline -0.002 -17"><span class='ocrx_word' id='word_1_160' title='bbox 210 2253 377 2336; x_wconf 90' lang='lat' dir='ltr'>comparet.</span> <span class='ocrx_word' id='word_1_161' title='bbox 421 2253 525 2335; x_wconf 87' lang='lat' dir='ltr'>Atque</span> <span class='ocrx_word' id='word_1_162' title='bbox 554 2272 592 2318; x_wconf 91' lang='lat' dir='ltr'>ne</span> <span class='ocrx_word' id='word_1_163' title='bbox 621 2253 746 2318; x_wconf 87' lang='lat' dir='ltr'>tantum</span> <span class='ocrx_word' id='word_1_164' title='bbox 778 2252 999 2334; x_wconf 86' lang='lat' dir='ltr'>amplificantis</span> <span class='ocrx_word' id='word_1_165' title='bbox 1021 2253 1178 2335; x_wconf 88' lang='lat' dir='ltr'>sophistae</span> <span class='ocrx_word' id='word_1_166' title='bbox 1199 2253 1302 2317; x_wconf 89' lang='lat' dir='ltr'>lusum</span> <span class='ocrx_word' id='word_1_167' title='bbox 1324 2254 1356 2317; x_wconf 91' lang='lat' dir='ltr'>in</span> <span class='ocrx_word' id='word_1_168' title='bbox 1417 2323 1419 2326; x_wconf 61' lang='grc'><strong>,</strong></span> 
     </span>
     <span class='ocr_line' id='line_1_20' title="bbox 209 2353 1471 2437; baseline -0.002 -17"><span class='ocrx_word' id='word_1_169' title='bbox 209 2356 394 2420; x_wconf 88' lang='lat' dir='ltr'>Philostrati</span> <span class='ocrx_word' id='word_1_170' title='bbox 416 2355 518 2420; x_wconf 86' lang='lat' dir='ltr'>verbis</span> <span class='ocrx_word' id='word_1_171' title='bbox 539 2354 711 2434; x_wconf 86' lang='lat' dir='ltr'>suspiceris,</span> <span class='ocrx_word' id='word_1_172' title='bbox 745 2354 860 2436; x_wconf 86' lang='lat' dir='ltr'>inspice</span> <span class='ocrx_word' id='word_1_173' title='bbox 882 2353 1042 2436; x_wconf 87' lang='lat' dir='ltr'>Senecam,</span> <span class='ocrx_word' id='word_1_174' title='bbox 1075 2354 1129 2437; x_wconf 91' lang='lat' dir='ltr'>qui</span> <span class='ocrx_word' id='word_1_175' title='bbox 1157 2354 1301 2418; x_wconf 91' lang='lat' dir='ltr'>nuntium</span> <span class='ocrx_word' id='word_1_176' title='bbox 1324 2354 1357 2417; x_wconf 93' lang='lat' dir='ltr'>in</span> <span class='ocrx_word' id='word_1_177' title='bbox 1462 2406 1471 2417; x_wconf 89' lang='lat'>.</span> 
     </span>
    </p>
   </div>
   <div class='ocr_carea' id='block_1_4' title="bbox 208 2452 1359 2840">
    <p class='ocr_par' dir='ltr' id='par_1_4' title="bbox 208 2452 1359 2840">
     <span class='ocr_line' id='line_1_21' title="bbox 208 2452 1357 2523; baseline -0.003 0"><span class='ocrx_word' id='word_1_178' title='bbox 208 2459 268 2523; x_wconf 86' lang='lat' dir='ltr'>fine</span> <span class='ocrx_word' id='word_1_179' title='bbox 291 2458 391 2521; x_wconf 90' lang='lat' dir='ltr'>tristis</span> <span class='ocrx_word' id='word_1_180' title='bbox 414 2455 603 2521; x_wconf 88' lang='lat' dir='ltr'>narrationis</span> <span class='ocrx_word' id='word_1_181' title='bbox 626 2456 851 2520; x_wconf 85' lang='lat' dir='ltr'>exclamantem</span> <span class='ocrx_word' id='word_1_182' title='bbox 873 2455 950 2520; x_wconf 87' lang='lat' dir='ltr'>facit</span> <span class='ocrx_word' id='word_1_183' title='bbox 977 2474 1006 2521; x_wconf 83' lang='lat' dir='ltr'>v.</span> <span class='ocrx_word' id='word_1_184' title='bbox 1030 2457 1125 2520; x_wconf 87' lang='lat'>1110:</span> <span class='ocrx_word' id='word_1_185' title='bbox 1155 2452 1281 2521; x_wconf 86' lang='lat' dir='ltr'>‘hocine</span> <span class='ocrx_word' id='word_1_186' title='bbox 1311 2456 1357 2520; x_wconf 90' lang='lat' dir='ltr'>est</span> 
     </span>
     <span class='ocr_line' id='line_1_22' title="bbox 209 2547 1357 2639; baseline -0.003 -15"><span class='ocrx_word' id='word_1_187' title='bbox 209 2561 326 2624; x_wconf 84' lang='lat' dir='ltr'>formae</span> <span class='ocrx_word' id='word_1_188' title='bbox 350 2547 478 2622; x_wconf 79' lang='lat' dir='ltr'>decus?&#39;</span> <span class='ocrx_word' id='word_1_189' title='bbox 515 2556 657 2621; x_wconf 90' lang='lat' dir='ltr'>Phaedra</span> <span class='ocrx_word' id='word_1_190' title='bbox 675 2557 751 2620; x_wconf 88' lang='lat' dir='ltr'>item</span> <span class='ocrx_word' id='word_1_191' title='bbox 773 2556 1035 2637; x_wconf 88' lang='lat' dir='ltr'>pulchritudinem</span> <span class='ocrx_word' id='word_1_192' title='bbox 1057 2556 1194 2638; x_wconf 90' lang='lat' dir='ltr'>elapsam</span> <span class='ocrx_word' id='word_1_193' title='bbox 1217 2556 1357 2639; x_wconf 90' lang='lat' dir='ltr'>deplorat</span> 
     </span>
     <span class='ocr_line' id='line_1_23' title="bbox 211 2656 1359 2741; baseline -0.001 -16"><span class='ocrx_word' id='word_1_194' title='bbox 211 2681 239 2725; x_wconf 87' lang='lat' dir='ltr'>v.</span> <span class='ocrx_word' id='word_1_195' title='bbox 264 2660 345 2724; x_wconf 90' lang='grc'>1173</span> <span class='ocrx_word' id='word_1_196' title='bbox 367 2678 426 2741; x_wconf 84' lang='lat' dir='ltr'>sq.:</span> <span class='ocrx_word' id='word_1_197' title='bbox 460 2657 534 2722; x_wconf 91' lang='lat' dir='ltr'>‘heu</span> <span class='ocrx_word' id='word_1_198' title='bbox 555 2677 614 2737; x_wconf 89' lang='lat' dir='ltr'>me,</span> <span class='ocrx_word' id='word_1_199' title='bbox 647 2676 707 2739; x_wconf 90' lang='lat' dir='ltr'>quo</span> <span class='ocrx_word' id='word_1_200' title='bbox 730 2660 803 2721; x_wconf 88' lang='lat' dir='ltr'>tuus</span> <span class='ocrx_word' id='word_1_201' title='bbox 826 2657 909 2739; x_wconf 84' lang='lat' dir='ltr'>fugit</span> <span class='ocrx_word' id='word_1_202' title='bbox 931 2657 1021 2721; x_wconf 87' lang='lat' dir='ltr'>decor</span> <span class='ocrx_word' id='word_1_203' title='bbox 1044 2656 1194 2741; x_wconf 89' lang='lat' dir='ltr'>Oculique</span> <span class='ocrx_word' id='word_1_204' title='bbox 1216 2660 1359 2724; x_wconf 85' lang='lat' dir='ltr'>nostrum</span> 
     </span>
     <span class='ocr_line' id='line_1_24' title="bbox 210 2749 812 2840; baseline -0.007 -14"><span class='ocrx_word' id='word_1_205' title='bbox 210 2749 333 2826; x_wconf 75' lang='lat' dir='ltr'>sicuse&#39;</span> <span class='ocrx_word' id='word_1_206' title='bbox 376 2761 510 2825; x_wconf 83' lang='lat' dir='ltr'>Theseus</span> <span class='ocrx_word' id='word_1_207' title='bbox 528 2758 574 2822; x_wconf 92' lang='lat' dir='ltr'>ita</span> <span class='ocrx_word' id='word_1_208' title='bbox 597 2777 625 2823; x_wconf 88' lang='lat' dir='ltr'>v.</span> <span class='ocrx_word' id='word_1_209' title='bbox 650 2758 731 2822; x_wconf 87' lang='grc'>1269</span> <span class='ocrx_word' id='word_1_210' title='bbox 750 2776 812 2840; x_wconf 91' lang='lat' dir='ltr'>sq.:</span> 
     </span>
    </p>
   </div>
   <div class='ocr_carea' id='block_1_5' title="bbox 408 2876 1196 3044">
    <p class='ocr_par' dir='ltr' id='par_1_5' title="bbox 408 2876 1196 3044">
     <span class='ocr_line' id='line_1_25' title="bbox 409 2876 1073 2958; baseline -0.002 -17"><span class='ocrx_word' id='word_1_211' title='bbox 409 2879 522 2942; x_wconf 88' lang='lat' dir='ltr'>haecne</span> <span class='ocrx_word' id='word_1_212' title='bbox 544 2877 600 2942; x_wconf 89' lang='lat' dir='ltr'>illa</span> <span class='ocrx_word' id='word_1_213' title='bbox 623 2877 717 2942; x_wconf 89' lang='lat' dir='ltr'>facies</span> <span class='ocrx_word' id='word_1_214' title='bbox 738 2876 810 2958; x_wconf 85' lang='lat' dir='ltr'>igne</span> <span class='ocrx_word' id='word_1_215' title='bbox 832 2876 949 2941; x_wconf 86' lang='lat' dir='ltr'>sidereo</span> <span class='ocrx_word' id='word_1_216' title='bbox 972 2876 1073 2941; x_wconf 89' lang='lat' dir='ltr'>nitens</span> 
     </span>
     <span class='ocr_line' id='line_1_26' title="bbox 408 2978 1196 3044; baseline 0 -1"><span class='ocrx_word' id='word_1_217' title='bbox 408 2979 535 3043; x_wconf 91' lang='lat' dir='ltr'>inimica</span> <span class='ocrx_word' id='word_1_218' title='bbox 556 2978 681 3043; x_wconf 90' lang='lat' dir='ltr'>flectens</span> <span class='ocrx_word' id='word_1_219' title='bbox 703 2978 846 3043; x_wconf 83' lang='lat' dir='ltr'>lumina?</span> <span class='ocrx_word' id='word_1_220' title='bbox 870 2979 930 3042; x_wconf 91' lang='lat' dir='ltr'>huc</span> <span class='ocrx_word' id='word_1_221' title='bbox 949 2978 1062 3043; x_wconf 89' lang='lat' dir='ltr'>cecidit</span> <span class='ocrx_word' id='word_1_222' title='bbox 1083 2979 1196 3044; x_wconf 76' lang='lat' dir='ltr'>decor?</span> 
     </span>
    </p>
   </div>
   <div class='ocr_carea' id='block_1_6' title="bbox 210 3097 1360 3787">
    <p class='ocr_par' dir='ltr' id='par_1_6' title="bbox 210 3097 1360 3787">
     <span class='ocr_line' id='line_1_27' title="bbox 211 3097 1359 3182; baseline -0.003 -18"><span class='ocrx_word' id='word_1_223' title='bbox 211 3101 256 3164; x_wconf 82' lang='lat' dir='ltr'>llx</span> <span class='ocrx_word' id='word_1_224' title='bbox 285 3120 345 3182; x_wconf 89' lang='lat' dir='ltr'>quo</span> <span class='ocrx_word' id='word_1_225' title='bbox 374 3099 508 3164; x_wconf 87' lang='lat' dir='ltr'>efficitur</span> <span class='ocrx_word' id='word_1_226' title='bbox 536 3099 720 3180; x_wconf 87' lang='lat' dir='ltr'>cogiturque</span> <span class='ocrx_word' id='word_1_227' title='bbox 747 3097 881 3162; x_wconf 88' lang='lat' dir='ltr'>similem</span> <span class='ocrx_word' id='word_1_228' title='bbox 912 3099 1101 3163; x_wconf 86' lang='lat' dir='ltr'>sententiam</span> <span class='ocrx_word' id='word_1_229' title='bbox 1134 3098 1166 3161; x_wconf 91' lang='lat' dir='ltr'>in</span> <span class='ocrx_word' id='word_1_230' title='bbox 1193 3097 1359 3180; x_wconf 83' lang='lat' dir='ltr'>exemplari</span> 
     </span>
     <span class='ocr_line' id='line_1_28' title="bbox 210 3200 1359 3283; baseline 0 -18"><span class='ocrx_word' id='word_1_231' title='bbox 210 3202 370 3266; x_wconf 87' lang='lat' dir='ltr'>inventam</span> <span class='ocrx_word' id='word_1_232' title='bbox 396 3220 469 3283; x_wconf 82' lang='lat' dir='ltr'>esse,</span> <span class='ocrx_word' id='word_1_233' title='bbox 502 3219 596 3283; x_wconf 90' lang='lat' dir='ltr'>quam</span> <span class='ocrx_word' id='word_1_234' title='bbox 619 3200 830 3264; x_wconf 86' lang='lat' dir='ltr'>Philostratus</span> <span class='ocrx_word' id='word_1_235' title='bbox 856 3200 996 3280; x_wconf 90' lang='lat' dir='ltr'>picturae</span> <span class='ocrx_word' id='word_1_236' title='bbox 1023 3200 1162 3282; x_wconf 89' lang='lat' dir='ltr'>ecphrasi</span> <span class='ocrx_word' id='word_1_237' title='bbox 1185 3219 1359 3265; x_wconf 90' lang='lat' dir='ltr'>accommo-</span> 
     </span>
     <span class='ocr_line' id='line_1_29' title="bbox 211 3301 1360 3384; baseline -0.001 -19"><span class='ocrx_word' id='word_1_238' title='bbox 211 3302 306 3366; x_wconf 88' lang='lat' dir='ltr'>davit.</span> <span class='ocrx_word' id='word_1_239' title='bbox 344 3335 384 3346; x_wconf 90' lang='lat'>-</span> <span class='ocrx_word' id='word_1_240' title='bbox 420 3301 564 3365; x_wconf 82' lang='lat' dir='ltr'>Fallorne</span> <span class='ocrx_word' id='word_1_241' title='bbox 586 3320 625 3364; x_wconf 90' lang='lat' dir='ltr'>an</span> <span class='ocrx_word' id='word_1_242' title='bbox 650 3302 682 3364; x_wconf 90' lang='lat' dir='ltr'>in</span> <span class='ocrx_word' id='word_1_243' title='bbox 709 3302 791 3365; x_wconf 89' lang='lat' dir='ltr'>hunc</span> <span class='ocrx_word' id='word_1_244' title='bbox 817 3301 917 3382; x_wconf 90' lang='lat' dir='ltr'>ipsum</span> <span class='ocrx_word' id='word_1_245' title='bbox 945 3302 1048 3366; x_wconf 93' lang='lat' dir='ltr'>locum</span> <span class='ocrx_word' id='word_1_246' title='bbox 1075 3302 1198 3384; x_wconf 84' lang='lat' dir='ltr'>egregie</span> <span class='ocrx_word' id='word_1_247' title='bbox 1225 3301 1360 3384; x_wconf 87' lang='lat' dir='ltr'>quadrat</span> 
     </span>
     <span class='ocr_line' id='line_1_30' title="bbox 212 3401 1359 3486; baseline 0 -20"><span class='ocrx_word' id='word_1_248' title='bbox 212 3404 305 3467; x_wconf 90' lang='lat' dir='ltr'>etiam</span> <span class='ocrx_word' id='word_1_249' title='bbox 328 3402 422 3466; x_wconf 91' lang='lat' dir='ltr'>illud:</span> <span class='ocrx_word' id='word_1_250' title='bbox 444 3402 576 3466; x_wconf 85' lang='lat' dir='ltr'>formam</span> <span class='ocrx_word' id='word_1_251' title='bbox 602 3402 692 3465; x_wconf 90' lang='lat' dir='ltr'>breve</span> <span class='ocrx_word' id='word_1_252' title='bbox 714 3401 816 3484; x_wconf 83' lang='lat' dir='ltr'>exigui</span> <span class='ocrx_word' id='word_1_253' title='bbox 838 3403 985 3484; x_wconf 89' lang='lat' dir='ltr'>temporis</span> <span class='ocrx_word' id='word_1_254' title='bbox 1006 3403 1121 3467; x_wconf 92' lang='lat' dir='ltr'>bonnm</span> <span class='ocrx_word' id='word_1_255' title='bbox 1144 3421 1209 3467; x_wconf 88' lang='lat' dir='ltr'>esse</span> <span class='ocrx_word' id='word_1_256' title='bbox 1222 3405 1241 3486; x_wconf 83' lang='lat'>¹,</span> <span class='ocrx_word' id='word_1_257' title='bbox 1264 3422 1359 3485; x_wconf 91' lang='lat' dir='ltr'>quarn</span> 
     </span>
     <span class='ocr_line' id='line_1_31' title="bbox 210 3502 1358 3586; baseline 0 -20"><span class='ocrx_word' id='word_1_258' title='bbox 210 3502 396 3567; x_wconf 88' lang='lat' dir='ltr'>sententiam</span> <span class='ocrx_word' id='word_1_259' title='bbox 422 3502 537 3568; x_wconf 88' lang='lat' dir='ltr'>Seneca</span> <span class='ocrx_word' id='word_1_260' title='bbox 558 3502 590 3564; x_wconf 87' lang='lat' dir='ltr'>in</span> <span class='ocrx_word' id='word_1_261' title='bbox 613 3502 735 3567; x_wconf 89' lang='lat' dir='ltr'>cantico</span> <span class='ocrx_word' id='word_1_262' title='bbox 758 3502 848 3567; x_wconf 89' lang='lat' dir='ltr'>modo</span> <span class='ocrx_word' id='word_1_263' title='bbox 872 3503 1000 3568; x_wconf 90' lang='lat' dir='ltr'>laudato</span> <span class='ocrx_word' id='word_1_264' title='bbox 1023 3505 1054 3568; x_wconf 87' lang='lat' dir='ltr'>et</span> <span class='ocrx_word' id='word_1_265' title='bbox 1075 3503 1142 3568; x_wconf 87' lang='lat' dir='ltr'>illie</span> <span class='ocrx_word' id='word_1_266' title='bbox 1164 3504 1288 3586; x_wconf 91' lang='lat' dir='ltr'>quidem</span> <span class='ocrx_word' id='word_1_267' title='bbox 1311 3503 1358 3566; x_wconf 91' lang='lat' dir='ltr'>in-</span> 
     </span>
     <span class='ocr_line' id='line_1_32' title="bbox 212 3603 1360 3687; baseline 0.002 -20"><span class='ocrx_word' id='word_1_268' title='bbox 212 3603 371 3667; x_wconf 92' lang='lat' dir='ltr'>commode</span> <span class='ocrx_word' id='word_1_269' title='bbox 391 3603 531 3667; x_wconf 82' lang='lat' dir='ltr'>tractat?</span> <span class='ocrx_word' id='word_1_270' title='bbox 555 3604 597 3684; x_wconf 87' lang='lat' dir='ltr'>(v.</span> <span class='ocrx_word' id='word_1_271' title='bbox 612 3604 670 3668; x_wconf 88' lang='grc'>761</span> <span class='ocrx_word' id='word_1_272' title='bbox 686 3609 756 3685; x_wconf 81' lang='lat' dir='ltr'>sq.).</span> <span class='ocrx_word' id='word_1_273' title='bbox 801 3603 963 3686; x_wconf 87' lang='lat' dir='ltr'>Adspersit</span> <span class='ocrx_word' id='word_1_274' title='bbox 987 3605 1068 3669; x_wconf 90' lang='lat' dir='ltr'>certe</span> <span class='ocrx_word' id='word_1_275' title='bbox 1090 3606 1180 3687; x_wconf 88' lang='lat' dir='ltr'>pocta</span> <span class='ocrx_word' id='word_1_276' title='bbox 1200 3605 1360 3669; x_wconf 85' lang='lat' dir='ltr'>Romanus</span> 
     </span>
     <span class='ocr_line' id='line_1_33' title="bbox 211 3703 1057 3787; baseline 0.001 -19"><span class='ocrx_word' id='word_1_277' title='bbox 211 3704 283 3768; x_wconf 92' lang='lat' dir='ltr'>huic</span> <span class='ocrx_word' id='word_1_278' title='bbox 305 3703 372 3769; x_wconf 95' lang='lat' dir='ltr'>loco</span> <span class='ocrx_word' id='word_1_279' title='bbox 395 3704 514 3770; x_wconf 91' lang='lat' dir='ltr'>lumina</span> <span class='ocrx_word' id='word_1_280' title='bbox 537 3723 606 3769; x_wconf 86' lang='lat' dir='ltr'>vere</span> <span class='ocrx_word' id='word_1_281' title='bbox 628 3704 839 3769; x_wconf 82' lang='lat' dir='ltr'>Alexandrina</span> <span class='ocrx_word' id='word_1_282' title='bbox 862 3724 889 3769; x_wconf 93' lang='lat' dir='ltr'>v.</span> <span class='ocrx_word' id='word_1_283' title='bbox 914 3705 976 3769; x_wconf 85' lang='grc'>764</span> <span class='ocrx_word' id='word_1_284' title='bbox 997 3724 1057 3787; x_wconf 86' lang='lat' dir='ltr'>sq.:</span> 
     </span>
    </p>
   </div>
   <div class='ocr_carea' id='block_1_7' title="bbox 410 3822 1076 4208">
    <p class='ocr_par' dir='ltr' id='par_1_7' title="bbox 410 3822 1009 4090">
     <span class='ocr_line' id='line_1_34' title="bbox 412 3822 1009 3904; baseline 0.003 -19"><span class='ocrx_word' id='word_1_285' title='bbox 412 3841 472 3886; x_wconf 90' lang='lat' dir='ltr'>non</span> <span class='ocrx_word' id='word_1_286' title='bbox 495 3824 539 3887; x_wconf 90' lang='lat' dir='ltr'>sic</span> <span class='ocrx_word' id='word_1_287' title='bbox 561 3823 651 3904; x_wconf 89' lang='lat' dir='ltr'>prata</span> <span class='ocrx_word' id='word_1_288' title='bbox 675 3840 754 3886; x_wconf 88' lang='lat' dir='ltr'>novo</span> <span class='ocrx_word' id='word_1_289' title='bbox 777 3841 847 3886; x_wconf 88' lang='lat' dir='ltr'>vere</span> <span class='ocrx_word' id='word_1_290' title='bbox 869 3822 1009 3887; x_wconf 89' lang='lat' dir='ltr'>decentia</span> 
     </span>
     <span class='ocr_line' id='line_1_35' title="bbox 412 3923 981 4006; baseline -0.004 -17"><span class='ocrx_word' id='word_1_291' title='bbox 412 3925 540 3990; x_wconf 88' lang='lat' dir='ltr'>aestatis</span> <span class='ocrx_word' id='word_1_292' title='bbox 560 3924 679 3988; x_wconf 86' lang='lat' dir='ltr'>calidae</span> <span class='ocrx_word' id='word_1_293' title='bbox 702 3923 853 4005; x_wconf 89' lang='lat' dir='ltr'>despoliat</span> <span class='ocrx_word' id='word_1_294' title='bbox 876 3942 981 4006; x_wconf 89' lang='lat' dir='ltr'>vapor,</span> 
     </span>
     <span class='ocr_line' id='line_1_36' title="bbox 410 4024 985 4090; baseline -0.002 0"><span class='ocrx_word' id='word_1_295' title='bbox 410 4025 510 4090; x_wconf 88' lang='lat' dir='ltr'>saevit</span> <span class='ocrx_word' id='word_1_296' title='bbox 532 4025 667 4090; x_wconf 88' lang='lat' dir='ltr'>solstitio</span> <span class='ocrx_word' id='word_1_297' title='bbox 690 4043 760 4089; x_wconf 91' lang='lat' dir='ltr'>cum</span> <span class='ocrx_word' id='word_1_298' title='bbox 780 4024 898 4090; x_wconf 89' lang='lat' dir='ltr'>medius</span> <span class='ocrx_word' id='word_1_299' title='bbox 921 4025 985 4089; x_wconf 88' lang='lat' dir='ltr'>dies</span> 
     </span>
    </p>

    <p class='ocr_par' dir='ltr' id='par_1_8' title="bbox 412 4126 1076 4208">
     <span class='ocr_line' id='line_1_37' title="bbox 412 4126 1076 4208; baseline 0.003 -18"><span class='ocrx_word' id='word_1_300' title='bbox 412 4128 442 4191; x_wconf 90' lang='lat' dir='ltr'>et</span> <span class='ocrx_word' id='word_1_301' title='bbox 464 4128 568 4192; x_wconf 84' lang='lat' dir='ltr'>noctes</span> <span class='ocrx_word' id='word_1_302' title='bbox 592 4127 735 4192; x_wconf 86' lang='lat' dir='ltr'>brevibus</span> <span class='ocrx_word' id='word_1_303' title='bbox 757 4126 964 4208; x_wconf 87' lang='lat' dir='ltr'>praecipitant</span> <span class='ocrx_word' id='word_1_304' title='bbox 986 4126 1076 4208; x_wconf 88' lang='lat' dir='ltr'>rotis;</span> 
     </span>
    </p>
   </div>
   <div class='ocr_carea' id='block_1_8' title="bbox 317 4386 1331 4457">
    <p class='ocr_par' dir='ltr' id='par_1_9' title="bbox 317 4386 1331 4457">
     <span class='ocr_line' id='line_1_38' title="bbox 317 4386 1331 4457; baseline 0.001 -12"><span class='ocrx_word' id='word_1_305' title='bbox 317 4391 325 4421; x_wconf 94' lang='lat'><strong>¹</strong></span> <span class='ocrx_word' id='word_1_306' title='bbox 346 4390 386 4445; x_wconf 81' lang='lat' dir='ltr'>el.</span> <span class='ocrx_word' id='word_1_307' title='bbox 405 4391 508 4446; x_wconf 88' lang='lat' dir='ltr'>Tibull.</span> <span class='ocrx_word' id='word_1_308' title='bbox 529 4393 551 4457; x_wconf 92' lang='grc' dir='ltr'>Ι,</span> <span class='ocrx_word' id='word_1_309' title='bbox 571 4394 595 4448; x_wconf 90' lang='grc'>4.</span> <span class='ocrx_word' id='word_1_310' title='bbox 615 4393 661 4448; x_wconf 82' lang='lat'>36:</span> <span class='ocrx_word' id='word_1_311' title='bbox 682 4391 803 4449; x_wconf 81' lang='lat' dir='ltr'>‘formae</span> <span class='ocrx_word' id='word_1_312' title='bbox 821 4411 878 4447; x_wconf 92' lang='lat' dir='ltr'>non</span> <span class='ocrx_word' id='word_1_313' title='bbox 897 4393 984 4447; x_wconf 83' lang='lat' dir='ltr'>ullam</span> <span class='ocrx_word' id='word_1_314' title='bbox 1002 4392 1063 4448; x_wconf 82' lang='lat' dir='ltr'>fata</span> <span class='ocrx_word' id='word_1_315' title='bbox 1080 4393 1183 4448; x_wconf 86' lang='lat' dir='ltr'>dedere</span> <span class='ocrx_word' id='word_1_316' title='bbox 1201 4386 1331 4446; x_wconf 86' lang='lat' dir='ltr'>moram&#39;.</span> 
     </span>
    </p>
   </div>
   <div class='ocr_carea' id='block_1_9' title="bbox 0 0 1589 5074">
    <p class='ocr_par' dir='ltr' id='par_1_10' title="bbox 0 0 1589 5074">
     <span class='ocr_line' id='line_1_39' title="bbox 0 0 1589 5074; baseline 0 0"><span class='ocrx_word' id='word_1_317' title='bbox 0 0 1589 5074; x_wconf 95' lang='lat' dir='ltr'> </span> 
     </span>
    </p>
   </div>
  </div>
 </body>
</html>
