3154 5076
730 431 761 485 11

169 601 237 685 ipso
260 601 350 666 fatali
374 619 478 666 amore
500 600 614 665 nodum
630 600 788 684 tragicum
803 601 909 677 nectit,
923 601 1085 684 Euripides
1107 601 1181 680 stat,
1204 601 1243 666 ad
1264 621 1318 666 cn-

170 703 220 767 ins
251 703 365 767 cantici
393 701 518 783 singula
545 701 733 767 illustranda
763 703 947 768 Trachiniae
975 703 1059 768 haud
1085 723 1183 786 pauca
1210 723 1320 787 suppe-

171 803 284 869 ditant.
325 803 407 867 Nam
430 802 511 886 quod
535 801 683 867 Deianira
706 802 744 867 de
766 803 830 868 Iole
851 804 928 868 dicit
951 824 979 869 v.
1003 806 1080 870 536:

320 921 419 1005 κόρην
433 920 503 1004 γάρ,
529 913 620 1002 οἶμαι
642 920 671 985 δ’
695 919 807 1000 οὐκέτ’,
832 913 901 986 ἄλλ’
927 917 1124 1008 ἐζευγμένην,

321 1022 594 1105 παρεισδέδεγμαι
616 1022 683 1087 κτλ.

169 1143 202 1208 id
224 1143 405 1226 explicatius
428 1145 537 1210 chorus
560 1144 744 1226 Euripideus
765 1164 793 1209 v.
817 1145 877 1209 545
896 1163 956 1226 sq:

321 1255 380 1324 τάν
401 1259 461 1345 μὲν
486 1259 622 1348 Οἰχαλίᾳ

320 1361 435 1426 πῶλον
454 1351 561 1445 άζοχα,
584 1362 726 1444 λέκτρων

320 1454 478 1549 άνανδρον
498 1459 536 1527 τὸ
559 1462 637 1548 πρίν
661 1462 715 1528 καί
737 1453 896 1550 άνσμφον,
920 1457 1021 1528 οἴκων

321 1563 448 1649 ζεάξασ’
471 1556 529 1630 λίπ’
553 1563 677 1653 εἰρεσίᾳ
699 1566 765 1634 κτλ.

169 1687 200 1750 et
223 1687 276 1768 qui
298 1685 453 1762 dubitant,
485 1686 638 1769 quomodo
663 1681 788 1771 εἰρεσίᾳ
810 1686 1024 1769 accipiendum
1052 1685 1103 1768 sit,
1135 1703 1186 1752 eos
1211 1686 1319 1768 delego

169 1787 210 1852 ad
225 1787 369 1852 Herculis
392 1787 594 1851 πολάκωπον
617 1777 721 1872 άχᾳμα
743 1786 818 1864 ναός
833 1787 875 1870 (v.
891 1788 966 1868 656)
975 1789 995 1852 ¹.
1039 1787 1178 1870 Denique
1195 1787 1318 1870 dignus

169 1887 224 1971 qui
248 1888 434 1970 adponatur,
459 1890 543 1954 locus
568 1889 754 1972 Sophocleus
776 1889 827 1954 hic
849 1890 895 1954 est
917 1909 945 1954 v.
969 1889 1031 1954 856
1053 1907 1122 1971 sq:

318 1997 367 2069 'lui
394 2001 524 2070 κελαινὰ
550 1999 648 2088 λάχχα
674 2000 851 2088 προμάχου
883 2001 992 2091 δορός,

319 2099 343 2172 ά
365 2103 441 2172 τότε
464 2104 551 2172 θοάν
573 2108 705 2192 νύμφαν

319 2199 433 2292 άχαχες
454 2210 510 2274 ἀπ’
534 2207 685 2287 αἰπεινᾶς
703 2211 708 2290 1
725 2204 813 2273 τάνδ’
832 2204 986 2290 Οἰχαλίας
1008 2204 1117 2296 αἰχμᾷ.

318 2310 338 2375 ά
360 2311 388 2376 δ’
413 2303 604 2396 ἀμφίπολος
628 2311 763 2393 Κάπρος
784 2300 924 2387 άναοὸος
946 2303 1071 2398 φανερά

318 2411 411 2476 τῶνδ’
440 2406 544 2498 ἐφάνη
566 2406 736 2494 πράκτωρ.

168 2531 252 2596 Nam
283 2531 365 2614 quod
388 2531 553 2613 Sophocles
585 2530 708 2596 funesta
737 2532 829 2596 hasta
864 2532 957 2596 semel
984 2531 1078 2612 atque
1106 2529 1219 2594 iterum
1244 2529 1318 2595 belli

169 2631 288 2697 cladem
310 2632 496 2711 subindicat,
525 2633 556 2697 in
579 2633 638 2697 hoc
659 2634 764 2698 noster
787 2652 848 2699 non
868 2633 950 2698 cedit
971 2652 1000 2698 v.
1025 2632 1097 2710 551,
1120 2631 1202 2714 apud
1226 2650 1317 2714 quem

168 2734 272 2799 Venus
294 2734 369 2799 item
393 2734 537 2798 ministra
560 2736 606 2799 est
628 2754 658 2799 v.
680 2737 751 2800 553.
775 2772 814 2781 -
841 2734 959 2816 Quibus
982 2734 1125 2800 omnihus
1145 2751 1215 2797 cum
1238 2732 1316 2796 satis

168 2833 293 2898 firmum
319 2834 557 2900 fundamentum
583 2837 701 2901 iactum
730 2837 774 2901 sit
799 2837 839 2901 ad
861 2836 1053 2919 probandam
1073 2853 1174 2898 meam
1198 2832 1319 2916 opinio-

168 2954 248 3014 nem,
270 2935 413 3018 Euripidi
430 2935 643 3002 Coronilerum
665 2937 813 3002 scribenti
829 2937 989 3020 Sophoclis
1010 2937 1191 3020 memoriam
1213 2953 1318 2999 recen·

168 3036 232 3100 tem
255 3036 359 3113 fuisse,
389 3038 479 3119 plura
503 3039 535 3101 in
557 3039 693 3103 medium
714 3038 868 3121 proferam
892 3039 1088 3116 documenta,
1104 3056 1191 3120 quae
1213 3055 1266 3118 per
1287 3055 1318 3102 sa

167 3137 299 3202 fortasse
325 3138 452 3220 leviora,
484 3140 593 3205 mutuo
627 3159 658 3205 se
689 3141 807 3204 lumine
837 3140 1049 3204 illustrabunt.
1099 3139 1206 3221 Neque
1236 3137 1318 3201 enim

168 3257 344 3321 quenquam
375 3240 547 3305 etiamnum
570 3241 655 3306 casui
677 3242 871 3306 tributurum
895 3259 959 3305 esse
982 3259 1078 3323 spero,
1102 3238 1184 3322 quod
1208 3239 1319 3302 chorus

167 3341 297 3422 uterque
319 3340 352 3404 in
375 3340 491 3422 parodo
514 3342 584 3424 post
602 3343 693 3407 breve
716 3341 905 3424 prooemium
929 3341 1046 3420 cantat,
1068 3360 1100 3406 se
1114 3341 1152 3405 dc
1166 3339 1333 3404 luctuosis.

168 3439 311 3508 dominae
334 3440 548 3507 affectionibus
572 3462 709 3508 rumores
733 3443 883 3525 accepisse
905 3441 950 3527 (S.
966 3444 1025 3507 103
1039 3462 1093 3526 sq,
1116 3443 1151 3506 ld.
1169 3441 1229 3506 129
1242 3439 1318 3522 sq.);

168 3540 250 3623 quod
265 3541 385 3606 chorus
408 3542 604 3624 Sophoclem,
628 3544 679 3608 ubi
701 3543 738 3608 de
762 3543 861 3608 morte
882 3543 1060 3608 voluntaria
1069 3542 1236 3608 Deianirae
1252 3560 1318 3605 cer-

167 3641 230 3706 tior
253 3641 354 3708 factus
378 3644 433 3720 est,
457 3645 565 3709 ventos
588 3663 741 3727 aurasque
764 3645 887 3727 expetit,
917 3663 996 3727 qnae
1017 3663 1034 3709 a
1055 3645 1141 3709 tristi
1162 3641 1318 3706 luctificos

167 3742 264 3806 cladis
287 3743 463 3825 spectaculo
486 3745 635 3810 aliorsum
655 3765 686 3809 se
710 3745 854 3810 auferant
876 3765 904 3810 u.
927 3746 988 3809 953
1010 3763 1066 3827 εχ,
1090 3744 1316 3809 chorusarrtem

167 3843 352 3925 Euripideus
374 3845 469 3910 simili
491 3847 569 3924 loco,
593 3848 756 3929 postquam
773 3847 915 3912 Phaedra
931 3846 969 3911 ad
988 3847 1117 3910 mortem
1135 3845 1194 3909 sibi
1206 3863 1317 3926 paran-

167 3943 239 4009 dam
267 3945 406 4025 decessit,
439 3966 528 4012 avem
551 3968 583 4012 se
604 3949 671 4012 fieri
698 3949 895 4030 concupiscat
923 3967 1020 4030 neque
1041 3947 1095 4011 ille
1116 3946 1179 4011 alio
1202 3945 1317 4023 animo,
1363 3990 1367 3998 -

167 4064 261 4128 quam
282 4048 317 4110 nt
338 4048 377 4112 ah
399 4047 538 4113 instante
560 4050 713 4114 malorum
736 4049 858 4113 theatro
887 4049 920 4112 in
947 4047 1156 4113 remotissima
1179 4064 1318 4130 quaeque

270 4297 279 4329 ¹
299 4297 371 4351 Nolo
390 4297 501 4367 longius
521 4297 648 4352 insistere
668 4314 764 4352 eorum
782 4297 865 4366 nugis
884 4295 1049 4364 refutandis,
1069 4296 1118 4364 qui
1137 4299 1258 4367 εἰρεσίαν
1276 4295 1317 4348 in·

169 4385 305 4454 tellegant
326 4385 360 4439 de
380 4387 456 4440 aeria
475 4386 664 4456 navigatione,
692 4389 791 4440 testem
812 4385 966 4440 excitantes
987 4385 1096 4441 Niciam
1121 4384 1214 4440 nescio
1236 4400 1318 4452 quem

166 4473 327 4530 Malleotem
346 4493 362 4530 a
381 4473 532 4532 Plutarcho
552 4473 653 4531 Parall.
674 4477 707 4528 13
726 4474 878 4529 laudatum.
