3154 5076
744 384 779 438 Ad

184 557 341 640 inpriore
364 556 482 621 fabula.
526 557 563 620 In
593 575 654 638 qua
677 555 857 638 quaestione
878 555 975 620 miror
995 555 1214 640 Aristophanis
1238 558 1335 624 cavil-

185 659 317 725 lationes
339 659 378 723 ah
401 657 544 722 omnibus
567 657 725 740 neglectas
753 676 826 722 esso.
870 656 927 722 llle
949 658 1029 722 enim
1053 659 1167 723 acriter
1187 659 1220 723 in
1243 659 1335 725 Euri·

186 758 266 842 pidis
294 757 450 824 Phaedras
482 757 606 839 πόρνας
637 757 777 822 inuectus
804 756 897 840 (Ean.
924 759 1039 838 1043)1
1066 759 1252 842 Aeschylum
1280 759 1334 825 dc-

186 859 361 924 fendentem
383 858 557 926 introducit
579 857 743 940 antiquum
765 859 796 922 et
817 860 938 923 castum
962 857 1116 923 scribendi
1130 878 1246 924 morem
1263 879 1334 924 oon·

186 962 237 1024 tra
258 958 448 1041 Euripidem,
482 959 536 1040 qui
563 959 707 1040 stuprum
733 957 795 1022 iere
817 959 918 1040 ipsum
945 958 978 1022 in
1006 977 1148 1024 scaenam
1179 960 1334 1042 produxit,

186 1061 234 1125 his
258 1061 360 1134 verbis
381 1061 461 1126 Rau.
487 1062 582 1125 1053:
618 1049 686 1122 ἄλλ’
710 1051 939 1140 ἀποκρύπτειν
960 1054 1019 1148 χρὴ
1041 1055 1079 1122 τὸ
1102 1057 1248 1144 πονηρὸν
1277 1056 1335 1126 τόν

186 1184 220 1245 γε
236 1160 383 1247 ποιήτην.
428 1160 532 1242 Quid?
562 1160 595 1227 Si
617 1160 783 1243 Sophocles
798 1179 919 1243 quoquo
932 1161 1106 1226 Phaedram
1129 1180 1218 1227 suam
1240 1163 1335 1244 pest'-

186 1262 251 1328 fers
271 1262 400 1327 libidine
422 1261 587 1327 manifesto
608 1262 732 1343 raptam
754 1262 788 1326 in
812 1279 955 1326 scaenam
976 1261 1157 1343 induxisset,
1180 1282 1254 1328 num
1267 1263 1334 1328 fieri

186 1362 254 1426 tum
288 1361 413 1426 omnino
442 1362 554 1444 potuit,
590 1363 625 1426 ut
656 1362 791 1426 comicus
813 1361 860 1426 his
889 1361 1037 1426 conviciis
1060 1362 1239 1444 Euripidem
1261 1381 1334 1428 con·

186 1463 378 1528 sectaretur?
422 1463 532 1544 ltaque
564 1461 769 1545 quod.Lehrs
797 1461 872 1526 olim
901 1462 1062 1527 sostendit
1093 1463 1217 1545 (Popul.
1244 1462 1333 1527 Auf.

187 1579 216 1643 p.
235 1561 303 1638 lsi:
325 1562 351 1626 si
374 1581 427 1626 eae
446 1561 606 1644 Sophoclis
628 1562 753 1627 fabulae
773 1563 914 1627 servatae
936 1563 1045 1645 essent,
1069 1563 1102 1626 in
1118 1564 1228 1645 quihus
1244 1565 1334 1645 poeta

187 1661 337 1727 Helenam
359 1663 392 1727 in
414 1682 559 1728 scaenam
574 1663 783 1728 deducendam
799 1663 859 1728 sibi
875 1664 1044 1745 proposuit,
1067 1663 1140 1744 loro,
1162 1665 1197 1728 ut
1212 1665 1334 1729 castum

185 1763 217 1828 et
237 1763 382 1845 pudicum
405 1765 562 1832 tractandi
584 1784 702 1831 morem
724 1765 960 1839 admiraremur,
983 1765 1015 1829 id
1038 1785 1135 1848 aequo
1158 1766 1271 1830 iudicio
1294 1765 1333 1830 ad

187 1863 361 1929 Phaedram
383 1866 589 1945 traducemus,
618 1867 800 1949 praesertim
823 1885 894 1931 cum
914 1867 978 1931 eius
1000 1866 1195 1932 moderantia
1217 1885 1252 1930 eu
1274 1865 1334 1948 frg.

186 1966 250 2030 614
270 1966 331 2049 ipsi
351 1966 511 2034 Phaedrae
540 1969 605 2032 sinc
628 1967 722 2032 dubio
749 1968 937 2051 assignando
959 1967 1093 2032 dilucide
1115 1968 1334 2049 cognoscatur:

386 2092 546 2177 σύγγνωτε
567 2093 774 2174 κάγάσχεσθι
798 2087 1010 2177 σιγῶσαι·τό
1031 2087 1090 2176 γὰρ

385 2193 526 2278 γυναιξὶν
546 2190 679 2277 αἰσχρὸν
700 2179 736 2258 εὖ
758 2196 913 2276 γυναῖκα2
936 2193 988 2258 δεῖ
1007 2191 1140 2276 στέγειν.

187 2319 296 2385 Nonne
328 2318 488 2402 Sophoclis
514 2319 657 2385 Phaedra
686 2319 743 2384 hoo
775 2321 857 2396 loco,
897 2339 957 2402 quo
986 2338 1056 2383 cum
1088 2320 1179 2384 choro
1207 2319 1332 2384 foedum

185 2440 321 2487 amorem
349 2420 592 2486 communicasse
613 2421 747 2500 videtur,
780 2422 816 2485 ut
838 2421 989 2503 posterior
1011 2419 1154 2485 Phaedra
1176 2421 1332 2503 Euripidis

187 2542 216 2588 v.
238 2523 300 2586 373
322 2524 397 2604 sq.⁰,
432 2523 520 2604 quasi
552 2522 749 2587 commendat
782 2525 812 2586 et
839 2523 985 2604 praestat,
1019 2521 1101 2605 quod
1130 2521 1163 2585 in
1186 2520 1333 2602 Euripide

187 2622 358 2706 Aeschylus
380 2622 463 2704 apud
486 2623 638 2687 comicum
661 2622 838 2688 desiderat?
882 2623 986 2704 Atque
1009 2623 1041 2685 ni
1069 2621 1161 2686 fallor
1183 2622 1273 2702 pocta
1296 2620 1333 2686 de
1413 2663 1415 2668 -

185 2723 341 2788 industria
363 2723 542 2788 suadentem
567 2723 726 2788 heroinam
750 2723 842 2806 fingit
869 2725 987 2788 castam
1011 2722 1260 2788 taciturnitatem
1282 2739 1334 2802 pe·

186 2825 340 2890 tulantiae
363 2825 560 2903 contrariam,
589 2844 650 2907 qua
674 2826 757 2907 prior
779 2825 936 2907 Euripidis
958 2823 1101 2888 Phaedra
1124 2821 1240 2887 crimen
1262 2841 1333 2903 pro-

185 2924 266 2990 fessa
288 2927 355 2990 erat
376 2926 430 3004 (cf.
454 2925 514 3008 ing.
535 2927 628 3006 436);
662 2945 740 3008 quae
770 2926 922 3007 quantum
950 2925 1066 2990 aluerit
1095 2923 1134 2987 ah
1165 2921 1333 2986 occulenda

185 3025 288 3090 taetra
310 3027 438 3091 libidine
460 3046 494 3090 er
516 3045 563 3109 ea,
586 3045 680 3108 quam
703 3025 898 3108 adumbravi,
921 3025 1060 3107 imagine
1084 3023 1228 3106 cognosci
1250 3024 1332 3088 licet.

185 3125 297 3208 Itaque
324 3127 406 3209 qarod
429 3126 652 3208 Aristophanes
680 3126 801 3208 saepius
826 3125 984 3208 Euripidis
1006 3125 1179 3190 Phaedram
1209 3125 1333 3206 propter

184 3229 284 3311 ipsam
312 3229 486 3308 materiam,
519 3229 555 3293 ut
577 3227 709 3306 videtur,
740 3226 961 3291 contumeliose
983 3225 1111 3290 denotat
1133 3224 1185 3306 (cf.
1209 3224 1331 3289 Thesm.

187 3329 257 3394 153.
273 3326 348 3411 497)
370 3329 460 3411 plane
482 3328 648 3412 neglegens
662 3327 845 3409 Sophoclem
868 3345 990 3410 quoque
1006 3326 1181 3391 Phaedram
1200 3326 1234 3390 in
1248 3344 1333 3390 scae·

184 3448 258 3495 nam
280 3430 465 3511 produxisse,
488 3430 520 3495 id
543 3428 713 3494 faciliorem
737 3427 923 3511 explicatum
945 3426 1081 3508 habebit,
1116 3426 1142 3490 si
1168 3427 1332 3508 sumpseris

188 3609 230 3618 ..-

288 3703 296 3734 ¹
317 3701 422 3756 Ambae
440 3699 583 3755 Phaedrus
602 3700 732 3769 denotat3
750 3717 816 3754 nam
834 3699 887 3753 hoc
906 3699 967 3752 loco
982 3695 1124 3752 Phaedrus
1143 3713 1206 3750 cum
1219 3694 1332 3752 Sthene-

185 3789 263 3844 boeis
281 3789 435 3859 componit,
468 3807 529 3843 cum
549 3787 717 3858 Melanippis
736 3787 846 3842 Thesm.
867 3789 917 3840 547
939 3785 1042 3840 addens
1062 3785 1197 3854 singulari
1216 3802 1332 3839 numero

184 3871 350 3944 Πηνελόπην
371 3877 402 3929 δὲ
426 3871 566 3930 οὐπώποτ’
589 3876 706 3942 ἐποίησ’.
743 3876 837 3931 Nihilo
861 3876 950 3929 secius
968 3873 1121 3941 Aeschylus
1140 3874 1159 3927 l.
1178 3873 1196 3925 l.
1216 3874 1273 3927 tale
1292 3873 1332 3926 vi-

183 3967 255 4020 tium
280 3966 415 4036 exagitat,
443 3965 518 4033 quod
537 3965 687 4034 Euripides
711 3965 741 4018 in
765 3968 919 4018 retraetata
948 3962 1044 4016 fabula
1071 3960 1152 4015 anxie
1180 3959 1333 4028 vitaverat;

184 4072 288 4109 novum
310 4055 340 4108 id
364 4054 569 4117 documentum,
598 4069 681 4121 quam
713 4070 769 4107 non
794 4053 831 4106 ad
853 4052 948 4106 vivum
973 4050 1092 4104 resecari
1110 4048 1211 4103 debeat
1233 4049 1333 4102 comici

184 4143 400 4282 dloacltiffiEodd,
420 4232 469 4281 aut
489 4227 520 4280 ἐν
537 4231 644 4297 γυναικὶ
665 4231 714 4282 aut
727 4223 778 4281 σὺν
790 4231 912 4296 punninh-
931 4217 960 4278 εὖ
972 4232 1087 4295 γυναῖκα
1101 4224 1213 4294 scripsit
1226 4223 1332 4278 Nauck.

285 4316 297 4349 ³
315 4316 380 4370 Alio
399 4333 481 4369 sensu
499 4315 641 4384 Euripidis
659 4314 787 4370 Phaedra
806 4333 832 4370 v.
848 4314 899 4367 710
913 4331 953 4382 sq.
973 4313 1115 4368 silentium
1133 4317 1265 4382 precatur
1284 4311 1331 4382 (cf.

184 4403 314 4458 Welckcr
332 4404 350 4458 l.
371 4403 389 4458 l.
408 4420 436 4473 p.
456 4404 526 4469 398).
