3154 5076
815 391 832 443 8

247 564 417 646 apotecae
438 556 541 646 μόνον
563 560 756 645 εἰόαίμονας
779 550 906 643 didone.
950 561 1119 646 Hippolyto
1141 561 1240 644 igitur
1261 561 1294 626 iu
1309 562 1397 644 prato

248 664 303 730 illo
326 664 446 730 Dianae
468 668 621 748 tanquam
646 665 790 730 aeternae
815 663 1059 748 tranquillitatis
1090 663 1236 746 pacisque
1262 663 1399 743 imagine

248 765 424 832 ambulanti
446 765 606 830 beatorum
629 765 715 830 sedes
736 766 902 844 obversari,
927 764 1038 848 ecquid
1059 764 1236 829 insulsum?

349 867 446 932 Poeta
469 867 573 932 autern
596 867 781 932 sententiola
803 866 860 933 illa
882 867 920 932 de
934 866 1051 932 uirtute
1069 866 1183 930 natura
1197 865 1303 949 insita,
1325 865 1399 930 Pin·

248 967 338 1034 dari¹
360 968 549 1033 auctoritate
570 966 701 1050 sancita,
724 987 785 1033 non
806 968 873 1032 tam
895 967 1093 1032 initiatorum
1108 985 1203 1049 quam
1225 967 1400 1050 generatim

250 1070 418 1152 proborum
438 1068 585 1134 iuvenum
608 1087 762 1134 summam
787 1069 936 1134 virtutem
957 1068 1113 1143 illustrat;
1149 1068 1399 1150 quandoquidem

248 1169 414 1236 translatio
437 1169 616 1235 distinctius
638 1170 725 1252 loqui
747 1171 843 1236 vetat.
887 1170 937 1235 Ad
960 1169 1042 1254 quod
1065 1168 1235 1236 artificium
1250 1164 1400 1245 Adriatic*

249 1272 444 1355 allegoriam,
467 1291 561 1355 qoam
577 1271 755 1354 Euripidem
773 1291 907 1355 pangere
928 1290 989 1336 non
1011 1272 1148 1354 potuisse
1169 1271 1280 1336 vellem
1307 1271 1400 1336 certis

250 1373 442 1457 argumentis
466 1373 620 1454 probares,
652 1373 821 1438 transitum
843 1373 1002 1455 aptissime
1026 1391 1134 1455 parare
1158 1371 1192 1434 in
1215 1372 1321 1453 aprico
1343 1372 1398 1437 est.

248 1477 361 1558 Itaque
383 1474 494 1551 nescio,
519 1493 559 1538 an
581 1474 648 1555 apis
671 1473 957 1539 commemorationi
980 1492 1008 1539 1.
1026 1473 1065 1538 77
1087 1472 1299 1538 altiorsonsus
1314 1472 1398 1550 insit,

251 1595 343 1658 quem
364 1578 471 1640 tamen
493 1574 633 1657 equidem
658 1594 718 1639 non
741 1575 839 1640 audeo
867 1575 984 1641 elicere.
1029 1575 1112 1639 Nam
1139 1573 1326 1639 scholiastae
1352 1572 1400 1636 in·

249 1676 451 1760 terpretanti:
473 1673 625 1756 μέλισσαι
648 1668 734 1763 ψυχή
757 1675 847 1741 fidem
872 1695 934 1740 non
958 1677 1118 1742 habebis³.

351 1775 411 1842 Sed
438 1776 520 1840 hunc
545 1776 648 1840 locum
678 1777 741 1842 alic
763 1777 940 1842 coniectura
961 1777 1000 1841 ad
1023 1776 1183 1842 Phaedrae
1205 1793 1306 1840 mores
1332 1793 1401 1857 per-

250 1878 370 1944 tinente
388 1895 533 1942 erornare
556 1878 729 1944 conveniat.
774 1877 916 1960 Magicae
938 1877 1057 1941 scilicet
1078 1882 1161 1941 artes
1180 1895 1253 1942 curn
1271 1877 1305 1940 in
1321 1875 1400 1958 Hip-

251 1979 358 2062 polyto
382 1976 560 2044 (loronifero
583 1981 758 2063 tanguntur
778 1978 830 2056 (01.
853 1999 881 2044 1.
905 1980 990 2058 5091,
1014 1979 1081 2043 tum
1106 1980 1139 2044 in
1162 1979 1274 2043 Velato
1296 1978 1399 2042 locum

251 2079 452 2158 invenerant3
476 2099 548 2144 nam
567 2079 741 2146 Phaedram
764 2080 815 2144 hic
837 2079 1085 2145 devinctionibus
1107 2080 1137 2144 ct
1158 2077 1400 2144 incantamentis

252 2197 378 2261 operam
400 2199 539 2262 navasse,
573 2182 609 2244 ut
631 2183 770 2246 amatum
794 2180 938 2245 iuvenem
964 2180 1113 2263 alliceret,
1139 2200 1174 2246 aa
1196 2178 1401 2246 similitudine

252 2278 317 2342 reri
348 2278 516 2354 conicitur,
556 2299 649 2363 quam
679 2279 711 2344 in
740 2281 789 2344 his
819 2280 909 2345 rebus
940 2281 1086 2363 consequi
1115 2281 1188 2346 licet
1200 2285 1221 2346 ⁴.
1280 2278 1401 2368 Scimus

253 2383 358 2443 autern
393 2380 521 2443 ineunte
555 2380 617 2444 fere
655 2380 736 2445 bello
770 2379 1029 2463 Peloponnesiaco
1063 2381 1210 2450 feminam
1244 2379 1401 2465 quandam

253 2479 372 2544 Ninum
405 2481 594 2546 sacerdotem
616 2480 741 2546 Sabaaii
758 2482 890 2547 Athenis
916 2482 1025 2548 turbas
1052 2482 1171 2547 dedisse
1197 2482 1321 2564 philtris
1342 2481 1403 2546 mi·

253 2579 383 2659 scandis,
417 2581 455 2646 ob
483 2581 565 2665 quod
590 2582 738 2647 delictum
760 2582 866 2664 postea
887 2584 920 2649 in
945 2582 994 2647 ius
1015 2584 1127 2648 uocata
1147 2583 1224 2648 esth
1270 2581 1403 2648 Videtur

253 2785 452 2794 -—--———

355 2920 365 2952 ¹
384 2919 428 2976 Ol.
447 2920 481 2989 Π,
501 2920 631 2992 ocum),
649 2923 698 2990 IX,
721 2925 771 2976 100
789 2922 871 2994 (152).
891 2923 968 2979 Nem.
986 2923 1036 2993 Π1,
1055 2925 1090 2977 40
1109 2923 1172 2994 (70).
1203 2923 1319 2978 Minima
1336 2939 1403 2978 vero

252 3026 363 3064 neeesse
382 3027 440 3065 esse
468 3027 540 3078 enm,
564 3011 612 3080 qui
631 3013 736 3067 dicitur
755 3030 931 3082 nequaquam
949 3013 1128 3068 institutione
1152 3043 1185 3052 -
1210 3013 1251 3067 ita
1270 3013 1344 3067 enim
1362 3012 1404 3065 in·

253 3098 466 3168 terpretandum
485 3098 531 3166 (01.
550 3099 631 3154 (11οὃ1
649 3101 670 3154 l.
690 3101 719 3170 1.)
739 3131 771 3140 -
791 3103 840 3156 aed
864 3105 965 3156 natura
988 3102 1122 3156 virtutem
1149 3101 1264 3156 insitam
1291 3101 1403 3168 habere,

253 3187 333 3240 libris
352 3187 466 3242 omnino
485 3204 514 3241 ae
532 3188 680 3257 abstinere,
704 3207 761 3244 non
782 3191 885 3245 attinet
904 3190 1023 3260 amplius
1042 3207 1181 3259 exponere
1194 3194 1291 3244 contra
1303 3189 1403 3243 Whee·

255 3275 346 3328 lerum
365 3273 382 3329 l.
402 3275 420 3328 1.
438 3292 464 3344 p.
484 3277 527 3339 49,
560 3277 608 3345 qui
633 3277 752 3346 putabat
777 3277 826 3332 hos
850 3295 946 3332 venans
970 3296 1032 3334 curn
1050 3297 1077 3333 v.
1098 3279 1149 3332 952
1169 3296 1209 3348 sq.
1229 3279 1403 3346 discrepare3

233 3376 309 3431 'quo
329 3362 390 3416 loco
411 3381 446 3416 ne
465 3364 524 3434 ipse
543 3365 655 3433 quidem
673 3366 843 3436 Hippolytus
862 3368 996 3436 loquitur.
1017 3397 1049 3406 —
1070 3367 1157 3422 Poeta
1176 3372 1270 3422 autem
1289 3381 1403 3435 carpere

254 3449 365 3504 videtur
384 3451 522 3521 sophistes
542 3454 585 3519 (01.
606 3453 736 3509 Welcker
754 3455 771 3509 1.
791 3455 809 3509 1.
829 3473 856 3525 p.
876 3457 948 3526 474).

356 3539 367 3572 ²
385 3540 503 3594 Athenis
522 3559 599 3596 aram
617 3541 717 3597 habuit
733 3548 848 3599 anctore
866 3545 1004 3599 Pausania
1022 3545 1044 3607 I,
1067 3547 1107 3598 17.
1129 3548 1152 3598 1.

355 3628 366 3660 ³
386 3631 515 3698 μέλισσαι
526 3634 555 3684 et
565 3631 703 3700 nymphae
712 3637 777 3686 sunt
787 3633 833 3700 (ef.
845 3632 935 3688 Schol.
950 3633 1029 3689 Pind.
1041 3633 1122 3702 Pyth.
1130 3633 1179 3701 IV,
1189 3631 1248 3685 104.
1267 3630 1402 3701 Porphyr.

254 3717 289 3859 <Ille>
310 3720 392 3771 antro
411 3719 524 3787 nymph.
541 3719 591 3789 18).
630 3719 697 3775 Cum
716 3724 777 3776 toto
794 3722 855 3778 loco
874 3721 1029 3793 Euripideo
1049 3723 1084 3778 ad
1103 3727 1259 3777 extremum
1278 3719 1402 3775 0011101110

290 3821 331 3874 yc.
350 3805 404 3878 frg.
427 3809 439 3859 1
460 3806 505 3862 B.:

604 3885 663 3967 Ἠρι
681 3895 737 3968 μὲν
754 3901 786 3952 αἴ
802 3915 829 3952 τε
849 3892 989 3954 Κυδώνιαι

602 3987 717 4057 pelides
735 3979 887 4056 ἃρδόμεναι
907 3989 976 4060 ῥοᾶν

604 4075 636 4129 ἐκ
655 4075 798 4147 ποταμῶν,
818 4079 862 4131 ἵνα
881 4080 1031 4147 παρθένων

602 4165 689 4231 κῆπος
708 4158 848 4232 ἀκήρατος.

356 4250 368 4282 ⁴
387 4247 428 4302 01.
448 4247 540 4305 Schol.
560 4252 701 4308 Theocrit.
719 4254 754 4321 II,
776 4255 817 4310 10.
836 4253 967 4309 Walcker
985 4254 1003 4307 1.
1023 4253 1041 4308 l.
1061 4271 1086 4323 p.
1109 4254 1169 4306 737.

359 4335 430 4392 Ις(11.
449 4338 593 4395 Demosth.
618 4342 652 4396 de
675 4341 736 4396 fals.
764 4342 817 4412 leg.
847 4341 932 4412 §281
960 4341 1051 4397 Schol.
1080 4337 1404 4397 SchaeferDemosth.1

257 4426 348 4497 p.198
368 4443 408 4500 sq.
433 4426 605 4487 Soboemanu
624 4447 716 4505 opusc.
731 4431 773 4488 111
790 4448 816 4504 p.
833 4431 894 4488 430.
932 4431 979 4490 Gr.
998 4431 1121 4490 Alterth.
1140 4431 1167 4487 Π
1184 4447 1212 4503 p.
1226 4431 1286 4485 376.
1306 4429 1367 4484 349.
