3142 5074
735 389 827 446 ‘100

226 560 313 628 dium
335 562 369 626 in
390 561 551 628 Phaedrae
572 562 705 646 epistula
728 560 874 644 fingenda
904 561 1142 645 exornandaque
1164 561 1271 645 aliqua
1296 563 1378 628 certo

225 683 259 729 en
293 665 382 747 parte
414 663 540 728 illorum
560 663 752 728 imitatorem
774 681 806 728 se
828 662 1019 746 praestitisse
1033 665 1054 746 ¹,
1086 664 1118 728 et
1140 662 1318 730 Choricium
1341 663 1374 728 in

223 764 362 847 ecphrasi
385 763 535 829 varianda
559 763 788 847 colorandaque
821 764 924 827 totum
947 781 978 828 se
997 763 1036 828 ad
1058 763 1305 829 Alexandrinum
1327 763 1376 829 fa·

223 866 315 932 bulae
343 865 514 930 amatoriae
536 865 659 930 schema
682 865 898 947 composuisse,
932 883 1025 948 quam
1047 883 1109 929 non
1130 865 1194 930 iam
1218 865 1377 931 dubitabis

222 966 298 1049 ipsis
321 965 485 1049 Hippolyti
519 967 550 1030 et
576 964 736 1030 Phaedrae
764 965 942 1030 nominibus
963 965 1179 1043 decoraree
1203 965 1255 1031 Ad
1277 968 1377 1032 extre·

223 1085 309 1130 mum
332 1066 436 1131 varios
457 1065 587 1131 affectus
610 1067 752 1146 observa,
782 1066 894 1148 quihus
922 1065 1032 1132 Manto
1056 1066 1126 1149 post
1149 1067 1304 1150 repulsam
1328 1087 1375 1132 ra-

223 1165 318 1251 pitur,
350 1185 462 1250 eosque
484 1185 590 1231 omnes
611 1167 670 1230 huc
693 1167 897 1249 erumpentes,
926 1167 962 1230 ut
983 1167 1097 1232 acriter
1120 1168 1322 1233 excandescat
1343 1169 1376 1232 in

223 1269 375 1334 ultionem
398 1267 543 1332 iuvenilis
565 1267 674 1349 fastus,
697 1267 750 1349 qui
773 1270 841 1332 erat
861 1267 993 1332 infestus
1015 1268 1126 1350 prioris
1138 1268 1298 1333 Phaedrae
1310 1268 1375 1333 ani-

223 1390 302 1435 mus.
346 1369 447 1436 Simul
470 1366 574 1433 Ovidii
605 1367 753 1436 memoria
784 1367 895 1450 cuique
927 1368 1067 1433 animum
1099 1370 1210 1451 tanget
1239 1387 1375 1448 causam,

225 1490 287 1554 qua
311 1469 454 1534 Phaedra
482 1468 660 1551 privignum
688 1487 809 1550 pessum
838 1469 970 1548 dederit,
1002 1487 1073 1534 cum
1102 1469 1298 1535 dubitatione
1329 1471 1375 1534 ita

224 1569 432 1653 significantis
455 1568 529 1633 Met.
552 1568 622 1642 XV,
644 1570 721 1634 503:
754 1561 921 1633 ‘indiciine
951 1569 1037 1634 metu
1070 1569 1181 1653 magis,
1219 1569 1376 1635 offensane

224 1662 422 1752 repulsael’²
1257 1658 1263 1672 ⁸

325 1770 426 1851 Quam
460 1770 546 1836 nulla
583 1774 688 1837 autem
726 1771 876 1858 religione
909 1773 1025 1838 veteres
1062 1772 1251 1838 fabulatores
1291 1773 1373 1838 solit'

224 1872 288 1936 sint
310 1871 439 1937 eandem
470 1872 680 1937 narrationem
708 1872 840 1938 mutatis
870 1872 1047 1938 nominibus
1079 1873 1263 1952 instaurare,
1298 1873 1375 1938 Par·

326 2102 335 2132 ¹
354 2102 416 2156 Non
435 2118 500 2155 raro
519 2099 656 2169 epistulae
676 2099 829 2153 amatoriae
841 2097 944 2152 fabulis
958 2099 1170 2154 romanensibus
1182 2099 1376 2154 intermiscen-

224 2195 285 2259 tur;
315 2207 381 2260 ergo
406 2208 442 2244 ne
467 2205 602 2243 cessemus
628 2188 659 2242 in
678 2187 934 2242 Alexandrinorum
953 2191 981 2242 et
998 2187 1186 2242 recentiorum
1205 2189 1375 2258 scriptorum

225 2280 334 2334 scriniis
353 2278 445 2332 Ovidii
465 2275 636 2346 exemplaria
655 2275 798 2346 indagare,
831 2276 897 2330 licet
916 2275 965 2329 ille
982 2276 1123 2345 peculiare
1143 2276 1297 2332 Heroidum
1316 2279 1375 2348 epi-

225 2369 364 2423 stularum
393 2384 461 2436 opus
489 2365 637 2420 novaverit
666 2363 713 2434 (of.
732 2365 794 2417 Art.
815 2364 874 2420 Am.
895 2363 944 2432 ΙΙΙ,
964 2365 1035 2431 346).
1073 2363 1156 2419 Velut
1174 2367 1309 2424 Chaereas
1329 2370 1375 2422 lit·

225 2463 299 2512 leras
324 2457 360 2511 ad
380 2456 554 2510 Callirrhoen
573 2472 690 2510 exarans
709 2473 726 2509 a
745 2455 896 2509 Charitone
923 2455 982 2526 (IV,
1002 2459 1027 2510 4.
1048 2455 1149 2510 Herch.
1169 2457 1195 2510 lI
1214 2475 1241 2526 p.
1263 2461 1307 2526 78)
1335 2459 1375 2512 sic

226 2545 406 2600 describitur:
422 2547 542 2613 Χαιρέας
556 2575 584 2584 -
598 2538 679 2610 ἤθελε
691 2537 819 2614 γράφειν,
831 2539 888 2596 ἀλλ’
902 2540 950 2596 οὐκ
964 2537 1077 2598 ἐδύνατο
1092 2539 1216 2614 δακρύων
1230 2541 1374 2615 ἐπιρρεόν-

224 2652 279 2687 των
297 2637 342 2686 καὶ
359 2633 406 2698 τῆς
420 2630 513 2703 χειρὸς
533 2627 614 2685 αὐτοῦ
632 2627 791 2701 τρεμοὺσης.
827 2631 901 2686 Naso
926 2632 1113 2687 scribentibus
1137 2633 1264 2687 hercinia
1292 2633 1374 2686 lacri-

225 2738 335 2776 marum
352 2722 428 2775 rivos
446 2724 590 2774 manantes
608 2720 729 2774 libenter
748 2719 860 2791 affingit
888 2721 964 2791 (Her.
983 2721 1033 2789 ΙΙΙ,
1053 2723 1078 2774 3.
1097 2721 1158 2790 VII,
1180 2723 1243 2790 1853
1269 2721 1304 2776 cf.
1325 2721 1375 2790 XI,

226 2813 242 2864 3
253 2812 312 2880 sep).
343 2809 485 2879 Propertii
504 2813 599 2863 autem
612 2809 752 2864 Arethusa
771 2810 843 2863 illud
862 2827 979 2865 acumen
991 2808 1212 2864 Alexandrinum
1232 2810 1374 2878 integrum

225 2899 255 2952 in
274 2915 353 2952 suam
372 2915 431 2953 rem
450 2899 591 2953 convertit
610 2897 641 2966 V,
661 2899 686 2950 3.
707 2901 724 2952 3
743 2916 798 2967 sq.:

424 2989 504 3057 siqua
522 2993 618 3043 tamen
637 2989 692 3042 tibi
712 2990 820 3044 lecturo
839 3007 904 3059 pars
921 2989 1011 3043 oblita
1029 2988 1113 3057 derit,

473 3076 542 3131 haec
558 3078 613 3131 erit
631 3095 646 3131 e
664 3077 787 3132 lacrimis
806 3077 882 3132 facta
900 3079 987 3132 litura
1006 3077 1089 3132 meis:

423 3168 473 3220 aut
491 3164 570 3233 siqua
589 3165 696 3220 incerto
716 3165 796 3220 fallet
813 3170 842 3220 te
862 3165 959 3220 littera
977 3169 1080 3234 tractu,

473 3253 553 3324 signa
570 3271 648 3308 meae
667 3255 782 3309 dextrae
799 3255 855 3309 iam
875 3253 1022 3310 morientis
1041 3257 1132 3308 erunt.

224 3342 332 3397 Deinde
350 3359 366 3396 c
384 3359 415 3396 re
431 3343 486 3396 erit
503 3341 639 3396 Paeonem
657 3344 863 3410 Amathusium,
885 3345 1011 3399 incertae
1030 3343 1142 3412 quidem
1162 3341 1263 3397 aetatis
1287 3340 1373 3410 scrip·

223 3435 325 3499 torem,
352 3431 476 3497 laudare,
506 3435 605 3500 utpote
631 3432 681 3500 qui
699 3431 851 3487 Plutarcho
871 3437 985 3487 auctore
1007 3431 1099 3498 (Thes.
1119 3448 1141 3485 c.
1160 3431 1224 3500 XX)
1250 3431 1375 3484 narrarit

226 3524 349 3574 maestae
367 3520 509 3574 Ariadnae
527 3519 557 3573 in
577 3519 668 3589 Cypro
688 3521 779 3575 insula
798 3521 913 3576 relictae
931 3521 1062 3575 mulieres
1089 3519 1235 3590 indigenas
1263 3520 1373 3573 litteras

225 3609 360 3664 obtulisse
377 3609 456 3664 fictas
475 3610 553 3664 velut
572 3609 710 3664 aThescc
730 3610 845 3664 adeam
864 3611 961 3664 missas
983 3603 1147 3680 (γράμματα
1167 3603 1275 3660 πλαστὰ
1294 3625 1374 3675 προς-

225 3701 330 3769 φέρειν,
359 3695 396 3757 ὠς
413 3699 460 3751 τοῦ
478 3701 588 3764 Θησέως
606 3691 763 3769 γράφοντος
781 3694 867 3772 αὑτῇ).
904 3699 949 3752 En
976 3697 1062 3751 habes
1090 3695 1183 3750 herois
1212 3693 1373 3764 epistulam!

224 3785 367 3840 Phaedrae
387 3789 480 3841 autem
500 3786 621 3856 epistula
641 3784 778 3842 Ovidiana
796 3803 828 3840 eo
847 3785 943 3840 differt
963 3805 979 3840 a
997 3785 1111 3852 reliquis
1131 3815 1164 3822 -
1184 3801 1251 3837 nam
1269 3781 1303 3836 de
1322 3780 1374 3836 Pa·

223 3874 293 3929 ridis
314 3873 403 3945 (XVI)
423 3875 573 3930 etAcontii
587 3874 663 3945 (XX)
682 3874 866 3944 epistularum
884 3879 1000 3929 auctore
1019 3872 1173 3943 ambigitur
1187 3899 1230 3939 -‚
1249 3870 1324 3939 quod
1344 3870 1374 3922 in

225 3979 257 4016 aa
275 3964 371 4032 puella
390 3968 482 4018 amato
500 3963 595 4019 iuveni
613 3981 736 4018 amorem
754 3963 879 4018 declarat
899 3967 928 4018 et
946 3980 1009 4016 eum
1029 3966 1135 4030 exorat,
1154 3966 1186 4016 ut
1203 3960 1258 4014 sihi
1274 3959 1318 4014 sui
1330 3976 1374 4014 co·

226 4050 302 4119 piam
323 4049 417 4105 faciat.
455 4050 614 4108 Choricium
632 4052 722 4122 igitur
740 4052 771 4106 in
788 4051 841 4107 hac
860 4051 1022 4120 quaestione
1040 4050 1099 4104 noli
1116 4049 1198 4119 parvi
1216 4048 1346 4118 pendere.

328 4139 338 4171 ²
360 4138 400 4192 Cf.
419 4157 503 4209 supra
528 4158 555 4210 p.
576 4143 619 4209 59,
647 4158 701 4210 quo
727 4141 788 4196 loco
812 4157 966 4209 provocare
989 4138 1068 4208 potui
1087 4137 1123 4193 ad
1141 4136 1287 4206 Euripidis
1305 4135 1374 4204 Hip·

223 4227 352 4296 polytum
370 4226 405 4281 de
424 4245 559 4284 novercae
577 4229 693 4284 crimine
712 4229 843 4300 ambigue
860 4229 1022 4298 loquentem
1040 4245 1066 4282 v.
1087 4225 1155 4280 1032
1177 4242 1229 4294 etp:

475 4319 499 4368 sl
518 4317 543 4369 d’
562 4312 611 4383 ἥδε
630 4317 800 4388 δειμαίνουσ’
819 4313 964 4370 ἀπώλεσεν
980 4321 1050 4384 βίον,

474 4399 523 4458 οὐκ
541 4405 607 4458 otc’·
629 4406 693 4476 ἐμοὶ
710 4403 764 4476 γὰρ
783 4403 815 4458 οὐ
833 4408 916 4478 θέμις
934 4408 1005 4476 πέρα
1024 4406 1122 4475 λέγειν.
