3142 5074
754 397 794 468 ra

193 589 357 653 procorum
378 572 466 656 copia
488 573 588 655 urget,
614 571 836 656 interroganti:
860 570 983 654 qualem
999 570 1100 636 virum
1117 571 1229 656 habere
1244 571 1340 653 optet,

192 672 369 756 respondet:
397 670 549 738 ‘similem
571 674 643 739 tibi‘
667 692 787 756 semper
805 674 948 738 occursat
970 673 1074 738 auimo
1096 670 1204 737 Cressa
1226 671 1340 736 mulier·

192 792 227 838 ex
247 773 376 839 adverso
398 774 496 839 amati
517 775 638 840 iuvenis
661 775 748 840 stans
777 777 808 840 et
834 793 980 857 perquam
1008 773 1124 838 similia
1149 772 1339 838 deverticula

191 872 395 957 flexionesque
417 894 575 958 quaereus,
608 894 677 940 cum
699 875 746 941 ita
766 875 1000 958 tergiversatur,
1029 875 1065 938 ut
1092 872 1339 955 obstupefactum

191 974 370 1057 privignum
404 977 526 1041 revocet
557 975 597 1041 ad
623 975 733 1041 Thesei
763 975 868 1041 vultus
897 961 1012 1058 priores
1038 975 1069 1038 et
1095 973 1159 1038 eius
1187 973 1337 1056 tanquam

191 1073 325 1139 similem
357 1075 499 1157 speciem,
535 1077 567 1140 in
597 1095 691 1158 quam
722 1074 900 1140 exardescat
933 1073 1017 1158 (Seu.
1049 1092 1078 1138 v.
1106 1073 1168 1137 646
1196 1071 1265 1154 sq.).
1300 1107 1337 1116 -

192 1174 280 1239 Unus
309 1175 408 1240 restat
440 1177 536 1255 locus,
570 1177 658 1241 cuius
691 1175 845 1258 exemplar
868 1174 1030 1258 indaganti
1054 1174 1131 1238 mibi
1154 1193 1214 1238 nou
1236 1174 1339 1238 minus

191 1274 295 1340 forsan
322 1276 530 1358 applaudatis.
575 1277 658 1342 Nam
683 1276 809 1360 Myrrha
837 1276 938 1341 multa
965 1275 1059 1341 verba
1086 1274 1237 1358 impendit
1265 1275 1339 1338 sim-

191 1376 300 1458 plicem
337 1379 468 1443 naturae
502 1378 635 1460 statum,
673 1397 734 1460 quo
771 1376 920 1444 animalia
952 1376 1037 1441 nullo
1070 1376 1186 1442 dilectu
1218 1377 1338 1459 coeant,

190 1497 264 1560 prae
293 1478 430 1544 humana
462 1479 611 1544 societate
643 1479 837 1545 fortunatum
872 1478 976 1543 diceus
1011 1498 1037 1544 v.
1065 1480 1127 1543 323
1155 1497 1200 1560 sq.
1254 1477 1338 1559 Qua·

189 1579 267 1644 lium
302 1581 523 1663 exemplorum,
564 1581 597 1644 in
634 1581 747 1664 quibus
781 1580 965 1646 animalium
999 1579 1066 1644 rita
1098 1597 1168 1644 eum
1200 1579 1338 1645 humana

188 1679 223 1744 iu
249 1681 479 1763 comparatione
506 1681 725 1764 coniungatur,
757 1680 981 1746 Alexandrinos
1012 1681 1117 1762 poetas
1149 1679 1198 1745 rel
1231 1698 1337 1745 eorum

189 1781 321 1846 asseclas
344 1782 501 1847 Romanos
528 1782 649 1848 affatim
680 1781 876 1865 suppeditare
907 1782 1015 1846 notum
1044 1780 1090 1845 est
1100 1782 1120 1846 ¹.
1174 1779 1234 1845 Sed
1266 1799 1336 1845 cum

189 1881 278 1964 virgo
309 1883 461 1948 humanas
494 1884 653 1967 malignae
686 1902 777 1948 curae
804 1882 886 1964 leges
914 1901 984 1947 cum
1016 1881 1174 1965 gravitate
1200 1880 1335 1963 quadam

190 1981 346 2065 vituperat
372 2003 401 2049 v.
423 1984 483 2048 329
504 2003 560 2068 sq.,
592 1983 776 2057 aut,fallor
807 1985 863 2048 aut
895 1983 945 2046 hic
977 1982 1062 2048 locus
1094 1981 1190 2046 attius
1224 1981 1335 2048 deduci

189 2085 291 2166 potest
317 2085 357 2149 ad
382 2085 485 2168 ipsum
517 2085 636 2151 scilicet
657 2083 846 2167 Euripidem,
879 2083 965 2149 cuius
987 2083 1160 2148 Phaedram
1184 2084 1276 2148 antea
1298 2084 1336 2148 de

189 2184 320 2268 Byblida
342 2204 447 2250 senum
471 2188 527 2253 illa
554 2187 622 2253 iura
645 2186 790 2270 legesque
813 2186 997 2268 aspernante
1020 2185 1183 2268 disputans
1215 2186 1257 2268 (p.
1279 2185 1334 2266 63)

189 2285 348 2352 laudacia
391 2288 502 2354 Preme
526 2288 608 2354 enim
635 2306 783 2372 perquam
814 2287 948 2352 similem
974 2287 1007 2350 in
1029 2287 1219 2352 Philemonis
1248 2286 1335 2370 frag·

188 2389 293 2451 mento
321 2389 362 2453 90
394 2389 697 2472 argumentationem
706 2392 727 2467 ⁸,
766 2389 852 2453 errius
886 2389 1039 2454 extremus
1073 2389 1197 2470 qrridem
1228 2407 1335 2455 versus

187 2488 286 2554 vineit
307 2488 434 2555 minime
456 2491 493 2556 de
515 2490 633 2556 incesto
661 2490 851 2556 defendendo
873 2491 940 2573 agi3
964 2490 1015 2554 sed
1038 2489 1262 2555 sententiarum
1285 2489 1333 2555 lu·

187 2591 273 2656 mina
291 2609 352 2656 non
373 2591 457 2656 iufra
472 2591 673 2674 Euripideum
686 2592 870 2657 cothurnum
895 2593 976 2671 sunt,
1000 2591 1087 2656 cuius
1111 2589 1333 2658 admiratorem

290 2837 298 2866 ¹
317 2836 449 2892 (lanieras
468 2855 509 2892 ex.
529 2854 572 2908 gr.
593 2836 675 2892 0vid.
693 2840 757 2892 Art.
771 2841 834 2892 Am.
854 2839 877 2907 Ι,
896 2840 956 2892 279.
983 2838 1090 2908 Lydiae
1102 2855 1128 2892 v.
1141 2839 1177 2892 28
1189 2855 1229 2906 sq.
1251 2837 1332 2908 Verg.

186 2928 256 2980 Aen.
275 2925 322 2994 IV,
342 2925 621 2996 corrmpatur,
642 2927 683 2980 15.
703 2929 738 2979 27
758 2927 791 2980 Η.

287 3014 442 3068 ²Similem
471 3033 567 3069 senum
595 3015 743 3086 legumque
772 3015 984 3086 despicientiam
1011 3015 1151 3086 siguificat
1169 3014 1332 3084 Propertius

186 3103 298 3166 111,ao.
319 3105 351 3156 13
371 3121 411 3171 sq.
430 3103 473 3171 Η,
503 3102 619 3158 idoneus
639 3108 737 3159 auctor
756 3105 809 3160 huc
826 3109 1022 3159 ornamentum
1042 3123 1059 3158 a
1077 3093 1186 3175 tragica
1204 3103 1332 3178 Phaedra

186 3190 300 3245 ductum
319 3196 418 3260 postea
436 3193 511 3262 apud
528 3193 735 3248 Alexandrinos
753 3194 872 3249 arcticos
891 3193 1101 3262 frequentatum
1121 3211 1186 3248 esse.
1205 3223 1238 3231 —
1259 3193 1331 3248 Cave

185 3284 279 3335 autem
300 3299 334 3336 ne
353 3281 415 3336 ideo
434 3281 469 3336 de
487 3281 582 3336 Ovidii
601 3282 754 3351 exemplari
773 3283 883 3338 desinas
903 3287 1044 3351 quaerere.

285 3369 381 3441 ⁸Frg.
400 3371 454 3425 ino.
474 3369 547 3424 VIII.
567 3371 606 3424 M.
626 3369 673 3439 IV,
691 3373 742 3424 36:

381 3449 611 3530 Ὦτρισμακάρια
632 3454 720 3514 πάντα
739 3463 785 3512 καὶ
803 3453 938 3529 τριςόλβια

382 3543 414 3599 τὰ
434 3546 518 3617 θηρί’,
537 3542 576 3606 οἷς
595 3543 643 3600 οὖν
662 3548 721 3602 ἔστι
740 3543 923 3618 περὶτούτων
941 3541 1033 3617 λόγος·

301 3659 303 3663 v
383 3626 438 3687 ott·
457 3636 495 3693 εἰς
515 3635 630 3705 ἔλεγχον
649 3631 732 3690 οὐδὲν
749 3632 840 3689 αὐτῶν
859 3637 974 3707 ἔρχεται,

381 3716 436 3774 οὔτ’
455 3714 520 3775 dato
538 3723 636 3776 τοιοῦτ’
653 3719 737 3778 οὐδέν
755 3723 812 3778 ἐστ’
831 3720 921 3784 αὐτοῖς
939 3717 1045 3777 κακόν·

382 3805 511 3880 ἐπακτόν,
529 3805 563 3878 ἣν
582 3811 607 3864 d’
627 3805 662 3867 ἂν
680 3815 860 3884 εἰςενίγκηται
878 3807 965 3885 φύσιν

382 3895 507 3962 ἕκαστον,
529 3894 612 3959 εὐθὺς
630 3903 676 3952 καὶ
694 3891 784 3971 νόμον
801 3896 899 3967 ταύτην
917 3902 983 3972 ἔχει.

381 3982 460 4056 ἡμεῖς
478 3986 504 4039 d'
525 3983 643 4054 ἀβίωτον
662 3989 753 4059 ζῶμεν
770 3981 914 4058 ἅνθρωποι
933 3992 1006 4056 βίον·

381 4070 546 4146 δουλεύομεν
565 4071 696 4145 δόξαισιν,
717 4073 840 4147 εὑρόντες
857 4071 960 4147 νόμους

381 4157 569 4232 προγόνοισιν,
588 4161 753 4234 ἑγγόνοισιν.
777 4162 827 4219 οὐκ
845 4167 901 4219 ἔστ’
922 4162 1072 4237 ἀποτυχεῖν

380 4251 475 4318 κακοῦ,
494 4247 639 4323 πρόφασιν
658 4253 683 4305 ‹l’
702 4249 748 4306 ἀεί
763 4253 812 4308 τιν’
831 4255 1029 4324 ἐξευρίσκομεν.

184 4337 319 4393 Stobaeus
336 4338 413 4393 Flor.
433 4339 475 4394 98.
497 4345 537 4394 14.
559 4369 590 4379 -
611 4341 642 4396 V.
662 4345 678 4396 3
698 4342 764 4397 libri
782 4338 871 4398 αὐτῶν
889 4339 979 4398 οὐδέν.
1007 4343 1191 4416 Transpusuit
1206 4343 1327 4401 Grotius.

182 4428 217 4482 V.
235 4427 252 4480 9
271 4426 399 4482 Mainake
419 4430 526 4484 mavult
547 4424 711 4500 laydrmmr.
