3154 5076
728 407 764 458 29

172 579 262 644 dram
277 576 445 646 ostendunt
466 578 498 640 in
525 576 601 641 sella
623 577 771 659 languide
793 577 958 660 sedentem,
982 578 1020 643 ab
1043 576 1165 642 ancillis
1188 577 1321 641 circum·

172 680 290 753 datam,
325 678 356 742 et
378 677 493 744 Seneca
527 678 647 759 copiose
674 677 819 762 depingit
843 677 967 742 Amoris
990 677 1105 742 aculeis
1128 677 1265 743 sanciam
1289 678 1320 742 et

170 782 279 846 morbo
312 779 531 862 tabescentem,
565 779 652 842 onius
686 797 756 843 cnm
785 777 952 861 Euripiden
985 779 1156 844 retractata
1177 779 1321 844 Phaedra
1370 838 1374 843 .

171 881 393 947 similitudines
419 879 575 963 congessit
598 879 657 944 Leo
681 880 715 958 (l.
738 880 759 945 l.
782 900 810 962 p.
835 881 920 964 178).
965 881 1024 946 Sed
1047 900 1116 945 cnm
1144 881 1236 962 poeta
1256 879 1320 945 Ro-

173 1001 284 1048 manus
306 981 472 1064 permulta,
506 999 585 1063 qnae
609 999 628 1046 a
653 979 771 1046 Graeco
801 981 923 1064 tragico
956 981 1058 1046 aliena
1090 982 1162 1061 sint,
1202 982 1320 1046 immis-

173 1084 283 1160 cuerit,
313 1082 465 1147 indicinm
489 1081 608 1159 sistam,
638 1081 735 1147 donec
756 1081 882 1147 aliunde
904 1082 953 1146 his
975 1082 1065 1147 rebus
1084 1081 1137 1147 uu
1157 1082 1320 1148 affulserit.

171 1183 306 1248 Diremit
321 1183 424 1248 antem
442 1182 602 1247 Phaedrae
624 1182 817 1265 aegrotantis
838 1182 1073 1264 descriptionem
1097 1182 1206 1266 pingui
1226 1202 1321 1248 mann

172 1285 206 1350 in
229 1285 306 1350 duas
324 1285 428 1366 partes
449 1303 477 1348 v.
502 1284 542 1348 85
566 1303 611 1367 sq.
635 1286 666 1348 et
691 1304 719 1349 v.
743 1285 925 1359 ass-4053
955 1283 1022 1348 illic
1043 1284 1119 1348 bene
1141 1284 1253 1366 posuit,
1268 1284 1320 1347 hic

171 1386 252 1452 male
282 1386 313 1450 et
336 1385 483 1467 Euripide
506 1387 586 1450 certe
616 1404 677 1450 non
708 1385 872 1458 invitante,
908 1387 942 1451 nt
964 1385 1024 1451 Leo
1047 1386 1110 1451 iam
1133 1385 1319 1450 observavit.

171 1487 297 1552 Novum
318 1487 396 1552 mihi
418 1487 475 1550 1100
497 1487 691 1552 adventiciae
714 1487 791 1551 artis
813 1485 963 1552 indicium
986 1487 1042 1551 ost.
1072 1485 1187 1552 Seneca
1210 1488 1320 1552 statim

171 1589 309 1654 adnectit
329 1589 435 1652 Lunae
456 1587 685 1653 invocationem
707 1606 735 1651 v.
758 1588 820 1651 406
843 1606 898 1669 sq,
921 1606 1016 1669 qnam
1038 1587 1070 1651 in
1084 1589 1195 1653 Velato
1216 1588 1321 1652 locum

172 1690 316 1754 habuisse
338 1707 431 1770 supra
454 1688 562 1754 notavi
597 1688 650 1770 (01.
673 1687 775 1754 Schol.
800 1688 953 1754 Theocrit.
982 1688 1021 1754 Il.
1047 1687 1111 1773 10),
1144 1691 1238 1771 atque
1268 1689 1319 1753 hio

171 1789 290 1875 philtra
327 1789 457 1872 proferri
497 1789 673 1871 potuerunt.
738 1786 838 1867 Quam
879 1787 1005 1871 quidem
1040 1807 1184 1854 scaenam
1220 1789 1319 1854 latam

171 1890 267 1956 fuisse
306 1891 389 1957 haud
425 1890 544 1972 opiner;
590 1889 840 1972 quandoquidem
881 1890 1017 1971 optimus
1057 1891 1187 1974 quisque
1228 1892 1320 1972 poeta

172 1991 265 2055 huius
287 1993 409 2074 generis
439 1991 621 2056 ornamenta
652 1990 691 2054 ad
724 2009 823 2054 mores
846 1989 1054 2072 depingendae
1075 1991 1201 2055 tantum
1223 1990 1320 2073 porti-

171 2092 289 2170 nentia,
325 2112 404 2174 qnae
435 2092 589 2158 actionem
622 2090 725 2172 potius
748 2090 911 2157 retardant
935 2110 1027 2174 quam
1051 2091 1235 2172 accelerant,
1257 2110 1319 2156 non

171 2191 262 2276 larga
285 2211 380 2258 mann
401 2210 545 2274 spargere
564 2191 650 2255 solet.
688 2189 831 2256 Welcher
853 2192 958 2256 antem
980 2191 1096 2257 erravit
1116 2192 1235 2274 primae
1250 2196 1320 2274 post

171 2295 335 2376 prologum
369 2311 497 2357 scaenae
519 2292 693 2357 Phaedram
724 2292 898 2357 insomnem
926 2294 1114 2378 surgentem,
1136 2295 1227 2358 nocte
1248 2311 1318 2357 eva·

171 2395 311 2478 gantem,
343 2412 431 2459 sacra
465 2393 588 2476 magica
624 2393 841 2458 instituentem
877 2394 1041 2476 assignans
1070 2393 1147 2473 (1.1.
1180 2414 1209 2477 p.
1234 2393 1317 2472 737).

172 2494 263 2558 Talia
284 2495 370 2559 brevi
393 2493 495 2576 antea,
518 2512 612 2576 qnam
635 2492 699 2574 ipse
721 2494 825 2558 castus
847 2492 968 2558 invenis
984 2492 1215 2575 compellandus
1230 2493 1319 2575 esset,

172 2595 325 2660 collocata
358 2613 432 2677 esse,
465 2594 548 2676 qnod
579 2613 633 2676 per
665 2611 695 2658 se
725 2593 987 2659 verisimillimum
1010 2594 1066 2677 est,
1097 2593 1212 2659 Seneca
1236 2593 1319 2659 ultro

145 2698 282 2780 probat
306 2697 453 2763 hocloco
475 2697 580 2762 Lunae
599 2697 828 2762 invocationem
853 2697 1006 2762 exhibens.
1046 2696 1145 2776 Adde,
1168 2695 1250 2779 qnod
1265 2695 1320 2759 de·

171 2799 380 2864 monstratum
413 2799 468 2876 est,
501 2800 625 2880 poetam
654 2797 787 2862 actionis
817 2817 1060 2881 scaenarumque
1091 2797 1253 2862 decursum
1286 2797 1319 2860 in

171 2900 309 2964 correcta
332 2899 467 2965 editione
489 2918 551 2964 non
575 2900 743 2965 admodum
767 2901 913 2966 mutasse.

273 3001 458 3083 Argumenti
480 3003 585 3067 autem
618 3002 731 3066 natura
763 3002 833 3080 fert,
868 3003 904 3065 nt
933 3019 1061 3084 sequens
1083 2999 1187 3064 Velati
1208 3015 1319 3062 scaena

171 3101 324 3166 nutricem
359 3101 464 3184 aliquo
496 3101 588 3167 modo
611 3102 817 3186 Hippolytum
840 3101 1006 3169 adeuntem
1027 3099 1213 3175 ostenderit3
1236 3097 1319 3181 qnod

171 3201 467 3283 repraesentationes
500 3203 602 3285 lapido
624 3202 747 3268 effictae
769 3222 831 3268 11011
855 3202 956 3267 minus
979 3202 1133 3267 evincunt.
1177 3201 1259 3267 Nam
1282 3200 1319 3263 ut

171 3303 274 3385 capita
305 3303 587 3386 argumentationis
617 3303 764 3369 hocloco
787 3304 893 3386 paucis
916 3303 1187 3385 comprehendam:
1214 3319 1319 3366 sareo-

171 3403 345 3486 phagornm
367 3405 537 3486 sculptores
560 3404 718 3486 Euripidis
739 3404 872 3488 vestigia
895 3404 1014 3488 legisse,
1038 3405 1125 3469 cuius
1147 3403 1318 3468 auotoritas

170 3504 203 3569 in
225 3505 363 3588 imagine
387 3489 547 3571 Phaedrae
569 3506 608 3570 ab
630 3505 754 3570 ancillis
775 3505 986 3570 circumdatae
1007 3506 1072 3570 sine
1099 3504 1191 3569 dnbio
1222 3521 1319 3585 appa·

170 3605 228 3684 ret,
265 3607 332 3670 tam
364 3608 474 3670 notum
507 3607 562 3689 est,
592 3608 628 3670 ut
663 3605 823 3689 amplioris
856 3606 1047 3688 probationis
1075 3624 1135 3669 11011
1166 3605 1317 3687 indigeat.

171 3704 249 3788 Iam,
285 3726 356 3772 cnm
387 3706 420 3770 in
453 3706 612 3772 nonnullis
644 3706 979 3789 repraesentationibus
1010 3708 1114 3772 nutrix
1146 3703 1316 3787 Hippolyto

171 3807 337 3888 epistulam
360 3806 480 3886 reddat,
504 3807 558 3889 qui
578 3826 685 3872 sensus
706 3826 742 3871 er
764 3807 811 3872 his
834 3806 903 3871 elici
926 3808 1028 3889 potest
1050 3805 1110 3870 nisi
1129 3805 1194 3869 hic:
1218 3803 1320 3868 Phae·

171 3906 259 3973 dram
283 3926 387 3973 amore
409 3909 622 3990 aegrotantem
646 3908 797 3972 nutricem
820 3908 860 3972 ad
882 3907 1062 3990 privignum
1083 3907 1223 3970 misisse?
1236 3903 1318 3985 Quid

171 4009 253 4091 qnod
275 4011 307 4072 in
331 4009 488 4074 nonnullis
510 4009 720 4073 monumentis
735 4008 878 4073 Phaedra
890 4010 922 4072 et
933 4008 1122 4092 Hippolytus
1136 4008 1201 4071 tam
1217 4022 1318 4087 presso

170 4110 315 4175 collocati
335 4112 417 4188 sunt,
440 4114 476 4175 ut
497 4112 578 4175 inter
600 4130 631 4174 se
653 4110 739 4194 loqui
761 4111 927 4175 videantur
947 4110 1156 4174 intercedente
1178 4106 1318 4171 1111111001

171 4210 257 4290 Quae
279 4214 383 4276 omnia
406 4205 511 4294 aperte
532 4215 674 4296 pugnant
698 4231 767 4276 cum
791 4210 965 4278 Coroniferi
987 4212 1182 4294 argumento.
1228 4208 1318 4270 Desi-

170 4331 281 4377 nemus
299 4313 399 4396 igitnr
412 4314 445 4377 in
459 4314 659 4398 sarcophagis
674 4313 920 4394 interpretandis¹
931 4331 985 4377 nos
1002 4314 1063 4379 hnc
1078 4312 1154 4376 illuc
1164 4312 1316 4391 torquere,

170 4431 241 4477 oum
256 4403 428 4479 difficultas
439 4414 618 4497 expediatur
631 4416 850 4499 argumentum
867 4413 977 4496 prioris
988 4411 1153 4496 Hippolyti
1164 4410 1204 4476 ad
1215 4409 1317 4493 partes
