3154 5076
793 354 828 407 82

238 545 257 591 a
280 524 397 591 Graeca
418 525 582 609 tragoedia
604 543 664 590 non
688 525 797 607 utique
819 524 921 590 aliena
942 522 1307 605 16661611-1416666
1331 543 1391 587 uu·

238 627 299 690 trix
321 626 404 710 apud
424 627 574 694 Senecam
597 626 802 709 Hippolytum
825 625 932 690 edocet
963 641 989 690 v.
1013 625 1075 689 466
1098 643 1158 706 sq:
1186 623 1290 688 Iovem
1318 642 1389 706 pro-

239 726 362 811 vidisse,
380 725 467 793 ‘curn
489 729 554 793 tarn
577 746 702 810 rapaces
725 727 862 791 cerneret
884 725 956 790 vati
977 743 1098 804 manus,
1122 727 1158 791 ut
1176 725 1290 791 damna
1310 745 1390 790 sern-

238 845 292 908 per
311 827 417 893 subole
445 828 604 911 repararet
625 827 730 905 nova',
753 826 809 891 sed
834 826 860 892 si
883 826 987 891 Venus
1018 827 1187 892 humanam
1210 826 1390 891 societatem

238 926 446 1010 dereliquerit,
469 928 543 1011 fore,
566 929 602 992 ut
617 928 701 993 orbis
716 927 818 993 iaceat
836 920 997 1010 ‘squalido
1011 926 1112 1008 turpis
1125 929 1202 993 situ’
1219 948 1248 993 v.
1260 928 1322 993 469
1336 946 1391 1011 sq,

238 1047 339 1094 nonne
361 1029 414 1094 ille
435 1048 491 1112 pro
518 1049 574 1094 sna
597 1030 709 1094 natura
742 1030 814 1111 apte
843 1027 1060 1110 respondisset,
1094 1028 1129 1092 ut
1154 1029 1187 1092 in
1211 1027 1389 1094 Coronidem

238 1149 267 1194 v.
287 1131 349 1194 618
380 1149 425 1213 sq.
447 1130 515 1196 Iovi
537 1130 724 1208 corviniane,
757 1129 837 1212 quod
861 1129 973 1194 liberos
995 1128 1142 1194 creandos
1165 1148 1225 1194 non
1248 1126 1391 1193 emendos

238 1234 392 1314 curasset;
425 1234 528 1316 aptius
551 1236 643 1316 certe,
680 1252 774 1316 quam
804 1231 892 1296 illic?
935 1231 1018 1296 Nam
1047 1231 1152 1295 omnia
1178 1230 1320 1306 suadent,
1354 1230 1390 1293 ut

239 1351 397 1398 sumamus
420 1335 552 1416 priorem
568 1353 690 1417 quoque
706 1333 913 1416 Hippolytum
935 1332 1082 1397 feminam
1103 1332 1212 1396 ducem
1234 1331 1391 1396 malorum

239 1434 453 1519 artificemque
474 1437 623 1501 scelerum
645 1435 729 1513 (Sen.
746 1435 821 1515 559)
844 1434 1025 1518 exagitasse,
1049 1453 1084 1498 ea
1106 1432 1237 1498 tortasse
1258 1432 1388 1508 ratione,

239 1536 275 1599 ut
297 1536 413 1600 nutrici
435 1553 540 1601 sensus
562 1554 633 1601 suos
657 1536 694 1601 de
715 1536 776 1601 ista
799 1537 884 1617 peste
905 1552 941 1600 ac
964 1534 1097 1616 pernicie
1117 1533 1258 1615 aperiret,
1282 1531 1389 1615 quales

238 1635 271 1700 in
299 1635 359 1718 frg.
386 1636 446 1702 inc.
478 1637 559 1702 1645
588 1637 655 1702 fuse
685 1637 891 1719 exponuntur,
927 1634 992 1699 dcis
1020 1633 1176 1716 postremo
1205 1633 1390 1715 exprobrans

240 1755 270 1802 v.
294 1739 328 1802 6:

859 1833 888 1903 εἶ
910 1835 947 1903 δέ
967 1837 1142 1901 66666616

439 1939 510 2006 ao'd'
533 1937 601 2005 ἐστὶ
624 1933 769 2024 πλάσμα,
791 1935 987 2026 δημιουργὸς
1009 1931 1055 2002 db
1076 1944 1184 2002 κακῶν

439 2040 592 2124 μέγιστος
612 2035 696 2106 ἴστω
717 2040 771 2105 καί
792 2044 943 2123 βροτοῖσι
966 2039 1135 2128 δυσμενής.
1291 2027 1292 2032 ¹

240 2142 321 2208 Nam
349 2139 462 2207 Seneca
490 2143 548 2207 hoc
573 2161 679 2207 rursus
706 2143 783 2208 bene
809 2143 949 2207 instituit
971 2141 1136 2218 Graecum,
1164 2140 1201 2206 ut
1228 2137 1389 2214 contendo,

240 2242 394 2330 exemplar
415 2243 547 2321 secutus,
572 2243 654 2324 quod
669 2243 884 2327 Hippolytum,
906 2245 1070 2327 postquam
1094 2259 1227 2307 noverca
1249 2241 1314 2304 eius
1334 2258 1391 2324 ge-

241 2343 331 2409 nibus
352 2342 480 2424 adlapsa
502 2344 549 2408 est
570 2343 612 2423 (v.
633 2343 717 2427 667),
740 2343 773 2408 16
795 2345 886 2408 16616
907 2344 1075 2409 affectuum
1098 2342 1306 2408 concitatione
1327 2358 1390 2405 uon

241 2586 317 2640 hunc
332 2587 425 2642 locum
444 2586 546 2642 Seneca
566 2591 630 2642 ante
649 2588 743 2642 oculos
763 2587 862 2641 habuit
881 2586 932 2641 0v.
944 2587 1011 2641 Met.
1024 2586 1044 2641 1.
1068 2589 1101 2641 89
1115 2604 1170 2656 66.;
1190 2587 1316 2642 conferas
1328 2586 1390 2641 Seu.

242 2677 295 2730 666
314 2693 354 2745 66.
379 2693 441 2730 cum
465 2674 516 2730 Ov.
542 2678 594 2729 144
617 2693 671 2745 66.;
702 2693 793 2744 66666
822 2693 944 2730 noverca
973 2675 1044 2742 (Seu.
1065 2675 1128 2741 668)
1156 2676 1230 2744 apud
1258 2674 1390 2730 Ovidium

242 2763 280 2834 (v.
302 2766 367 2833 147)
385 2765 470 2820 deest.
491 2795 522 2803 -
544 2765 672 2819 Ceterum
698 2765 840 2819 tralaticia
863 2765 931 2819 haec
955 2765 1073 2819 materia
1101 2765 1132 2818 in
1151 2764 1229 2834 poesi
1247 2764 1390 2834 Romana;

242 2852 277 2908 cf.
297 2853 432 2922 Tibulli,
458 2857 482 2908 3.
510 2855 544 2907 36
564 2871 603 2922 sq.
641 2853 724 2922 Prop.
748 2852 795 2921 IV,
823 2855 864 2906 13.
889 2855 923 2906 26
947 2871 986 2922 sq.
1024 2857 1126 2908 Aetna.
1150 2873 1175 2908 v.
1195 2855 1212 2906 9
1230 2871 1270 2922 sq.
1307 2852 1390 2924 Verg.

244 2941 345 3012 Georg.
364 2943 385 3010 l,
407 2944 456 2996 126
471 2959 510 3010 aq.
548 2942 615 2997 Hor.
627 2943 679 3012 Ep.
693 2943 737 2997 od.
751 2942 826 3011 XVI,
845 2946 877 2995 41
890 2960 930 3012 sq.
954 2941 1004 2997 Ov.
1025 2943 1093 2997 Met.
1113 2942 1173 3011 XV,
1192 2944 1227 2997 96
1237 2960 1276 3012 66.
1295 2942 1390 2997 Senes.

242 3029 315 3084 Med.
333 3033 384 3084 301
405 3048 446 3100 sq.

348 3120 356 3148 ¹
374 3118 519 3173 Moschion
542 3119 597 3190 frg.
616 3122 641 3175 7.
660 3121 796 3189 ampullas
816 3119 851 3173 de
876 3137 962 3174 aurea
986 3124 1078 3174 aetate
1101 3120 1204 3189 proicit
1227 3119 1391 3187 ecquidem

242 3225 332 3276 sensu,
350 3214 382 3261 nt
401 3209 574 3276 primaevam
586 3213 716 3262 naturam
729 3208 887 3277 impolitam
901 3226 1065 3278 morumque
1077 3207 1198 3278 rigidam
1210 3209 1392 3276 asperitatem

243 3295 370 3349 excultae
387 3297 523 3350 seriorum
542 3297 686 3350 hominum
705 3298 781 3351 vitae
800 3301 931 3365 opponat.
969 3297 1011 3350 De
1034 3297 1203 3351 comicorum
1229 3295 1392 3350 commentis

243 3382 278 3438 61.
299 3384 360 3438 Birt
380 3385 474 3455 Elpid.
494 3404 520 3455 p.
541 3388 572 3439 19
591 3403 632 3454 sq.
652 3416 684 3425 -
704 3387 741 3439 lis
761 3391 863 3448 antem,
881 3386 930 3455 661
951 3385 1150 3454 philosophicis
1168 3384 1391 3439 conclusionibus

242 3472 415 3543 indulgeant,
439 3474 538 3528 libebit
558 3474 724 3528 Hesiodeam
749 3475 821 3530 hanc
844 3480 873 3530 et
891 3474 1075 3542 Platonicam,
1094 3491 1177 3542 quarn
1201 3473 1268 3526 item
1287 3471 1392 3526 Seneca

242 3565 347 3624 tuetur,
371 3562 531 3632 opinionem
554 3563 589 3617 de
612 3564 690 3618 aurei
716 3565 778 3619 aevi
805 3559 941 3620 felicitate
963 3564 1092 3617 omnibus
1115 3563 1238 3615 numeris
1264 3560 1394 3614 absoluta

243 3651 318 3720 apud
336 3650 527 3706 Moschionem
545 3653 575 3704 in
594 3654 766 3708 contrarium
784 3653 945 3707 subversam
964 3651 1114 3706 memoriae
1132 3650 1275 3704 mandare.
1308 3648 1393 3702 Cuius

242 3741 401 3794 contrariae
428 3741 583 3796 sententiae
611 3746 804 3812 propugnator
835 3741 954 3795 fortasse
973 3739 1180 3808 Theophrastus
1208 3738 1331 3805 exstitit;
1357 3737 1392 3792 ci.

244 3826 342 3881 Rohde
362 3827 409 3882 Gr.
429 3827 507 3882 Rom.
533 3846 560 3898 p.
581 3829 631 3882 201
652 3830 718 3898 (21).
754 3828 835 3884 Tales
859 3834 952 3883 autem
976 3829 1172 3883 fluctuationes
1195 3825 1394 3896 progrediente

243 3915 387 3970 hominnm
407 3917 518 3971 cultura
536 3921 568 3971 ut
589 3922 681 3972 aestus
700 3919 785 3972 maris
804 3918 930 3973 accidere
949 3921 978 3970 et
989 3917 1165 3986 reciprocare
1185 3915 1283 3969 solent.
1311 3913 1393 3981 Nam,

244 4005 292 4074 qui
312 4005 435 4075 aliquam
453 4024 516 4060 cum
534 4007 774 4076 praestantissimo
799 4023 910 4075 quoque
930 4006 1094 4060 Germanico
1119 4005 1270 4074 superioris
1290 4001 1393 4057 saeculi

243 4097 327 4162 poeta
354 4093 579 4149 familiaritatem
605 4096 792 4164 contraxerit,
820 4113 883 4148 eum
909 4113 965 4150 non
991 4095 1082 4164 fugiet
1110 4099 1177 4148 tunc
1204 4091 1394 4162 praevaluisse

243 4181 322 4237 illam
345 4182 380 4236 de
402 4182 547 4238 hominurn
575 4184 791 4254 degeneratione
814 4184 983 4253 opinionem,
1012 4200 1096 4252 quam
1119 4182 1262 4237 Rousseau
1290 4180 1392 4235 sanxit.

244 4268 348 4324 Contra
374 4270 463 4324 nostri
486 4271 547 4325 aevi
572 4272 666 4340 opinio
686 4273 811 4342 vulgaris
836 4272 1002 4341 plerumque
1024 4272 1053 4325 in
1078 4271 1250 4326 contrarium
1274 4269 1394 4323 inclinat

243 4362 397 4430 praeeunte
415 4376 509 4413 rerum
527 4359 705 4429 physicarum
725 4361 890 4430 disciplina;
909 4359 942 4415 61.
964 4360 1071 4414 Grimm
1091 4359 1197 4414 Goethe
1216 4359 1229 4412 1
1247 4377 1274 4429 p.
1295 4360 1336 4412 64.
