3142 5074
796 361 846 415 106

248 531 323 615 quin
352 531 564 598 Alexandrina
591 531 691 614 poesis
714 532 840 597 maximi
862 531 1010 598 momenti
1035 531 1138 611 fuerit,
1166 553 1228 599 non
1251 534 1315 598 iam
1337 533 1396 598 du·

247 632 420 698 bitandum.
456 667 497 680 -
528 632 654 712 Contra,
691 635 727 698 ut
753 633 792 698 ad
819 633 976 716 Euripidis
1004 633 1136 698 Aeolum
1163 633 1296 715 redeam,
1328 634 1395 700 illic

247 835 378 900 fortasse
398 835 432 898 in
457 836 584 919 prologo
606 835 784 918 significata
807 855 871 900 esse
893 835 1026 914 videtur,
1049 836 1075 900 si
1094 836 1283 919 Antiphauis
1305 855 1397 919 paro·

246 936 317 1001 diae
326 936 346 1018 ¹,
382 955 476 1019 quam
499 936 610 1002 Nauck
633 936 720 1020 (Frg.
744 937 838 1020 Trag.
860 956 888 1019 p.
912 937 952 1001 29
974 938 1034 1019 sq.)
1054 937 1216 1002 arcessivit
1238 936 1397 1003 indicante

248 1035 464 1115 Valckenario,
484 1038 517 1102 in
540 1038 599 1102 hac
619 1055 652 1102 re
673 1036 747 1102 fides
768 1037 909 1104 habenda
933 1039 988 1102 est.

346 1137 406 1203 Sed
429 1138 493 1204 scio
516 1138 589 1216 lore,
614 1156 690 1220 quos
714 1156 819 1204 morae
839 1138 975 1216 taedeat,
998 1138 1071 1204 dum
1094 1138 1132 1205 de
1152 1139 1396 1205 recentioretra·

246 1238 357 1321 goedia
379 1230 557 1322 disceptem,
586 1257 679 1321 quam
704 1241 739 1303 ut
762 1241 981 1324 gravissimam
1005 1241 1045 1306 ad
1071 1241 1253 1306 excolendas
1274 1241 1397 1306 fabulas

248 1341 417 1406 amatorias
446 1339 574 1406 laudare
604 1341 744 1406 amant².
788 1342 908 1423 Negari
930 1343 1039 1425 nequit
1060 1341 1285 1408 Alexandrinos
1307 1360 1326 1406 a
1349 1360 1399 1406 re-

248 1441 382 1506 centiore
400 1441 562 1524 tragoedia
584 1441 685 1507 multa
708 1441 884 1518 didicissc³3
907 1442 959 1508 sed
981 1444 1199 1526 praeterquam
1222 1442 1303 1526 quod
1327 1441 1399 1506 nul-

246 1542 309 1608 lius
325 1543 504 1626 tragoediae
526 1543 651 1608 titulive
671 1544 788 1608 mentio
813 1545 921 1623 exstat,
944 1545 977 1609 in
998 1564 1092 1628 quam
1115 1563 1171 1610 nos
1193 1545 1333 1610 animum
1349 1543 1399 1608 in-

247 1642 373 1709 tendere
406 1646 556 1727 oporteat,
590 1645 658 1726 ipsa
691 1645 810 1711 incesta
843 1645 1021 1712 fabularum
1055 1646 1203 1712 materia:
1237 1646 1399 1730 lymphata

247 1743 345 1810 libido
379 1745 615 1829 effeminateque
650 1745 849 1824 debacchata,
887 1766 942 1812 nos
971 1748 1066 1813 semel
1094 1749 1189 1831 atque
1215 1749 1329 1812 iterum
1359 1747 1399 1813 ad

248 1845 530 1911 Alexandrinorum
559 1849 700 1930 tempora
727 1848 863 1913 revocat.
902 1849 948 1914 De
971 1867 1103 1931 quorum
1125 1848 1294 1932 tragoediis
1316 1847 1400 1932 quod

248 1950 364 2014 seimus
399 1947 599 2031 nostramque
626 1948 837 2030 quaestionem
873 1950 988 2033 tangit,
1022 1949 1070 2014 his
1098 1968 1246 2032 perquam
1269 1949 1400 2014 modicis

248 2049 362 2116 linibus
386 2048 655 2131 circumscriptum
677 2051 740 2114 est:
774 2048 908 2117 Ovidius
931 2051 1153 2117 commemorat
1176 2048 1311 2132 Scyllam
1333 2050 1401 2114 tra·

350 2252 522 2308 ¹Macareus
545 2251 612 2305 vino
638 2251 794 2306 inebriatus
822 2249 1003 2322 (παραλαβών
1022 2271 1088 2306 ποτε
1113 2253 1118 2320 Ι
1144 2252 1219 2307 οἶνον
1238 2245 1401 2323 στρατηγόν)

183 2395 195 2408 ,
249 2360 373 2397 sororem
391 2341 538 2411 oppressit,
567 2340 642 2408 quod
661 2340 793 2410 Myrrhae
817 2357 862 2394 me
885 2341 1034 2409 admonet,
1063 2359 1135 2410 quae
1162 2340 1315 2396 secundum
1334 2359 1402 2396 non·

249 2432 341 2485 nullos
360 2434 487 2484 auctores
507 2447 569 2483 cum
591 2429 668 2483 ebrio
691 2433 772 2498 patre
792 2429 955 2484 concubuit:
975 2433 1021 2482 καὶ
1039 2425 1182 2500 μεθύουσα
1202 2430 1281 2500 ἔρωτι
1297 2430 1401 2489 §vualda

249 2523 343 2591 μέθην
360 2513 443 2584 ἄλλην
461 2518 616 2587 ἐπίκουρον,
634 2522 666 2571 ut
683 2517 857 2599 Nicephorus
876 2519 894 2571 l.
915 2519 933 2571 l.
953 2522 1050 2572 narrat
1070 2517 1117 2588 (cf.
1138 2536 1223 2587 supra
1240 2536 1267 2588 p.
1287 2519 1342 2587 80).

351 2606 421 2660 ²Cf.
440 2605 538 2661 Rohde
557 2608 575 2661 l.
595 2607 612 2660 l.
632 2624 659 2676 p.
677 2608 712 2661 85
730 2624 771 2675 sq.
809 2606 884 2661 Jahn
897 2607 981 2661 Areh.
995 2606 1083 2660 Beitr.
1102 2623 1130 2675 p.
1143 2607 1196 2659 245
1209 2623 1250 2674 sq.
1286 2606 1402 2676 Dilthey

249 2695 302 2750 Rh.
322 2695 394 2750 Mus.
413 2695 491 2749 XXV
509 2713 537 2764 p.
560 2697 617 2749 loo.
641 2697 700 2749 157.
1378 2693 1380 2698 '

349 2784 360 2816 ³
380 2785 434 2852 Qui
454 2784 649 2838 Chaeremonis
667 2783 827 2855 fragmenta
845 2801 861 2838 a
880 2783 1028 2839 Bartsehio
1047 2783 1092 2846 (de
1105 2782 1292 2837 Chaeremone
1304 2782 1402 2852 poeta)

250 2875 392 2930 illustrata
411 2892 532 2943 unquam
545 2875 690 2942 tractavit,
708 2875 769 2942 soit,
783 2891 866 2942 quam
879 2875 1039 2944 propinqua
1053 2873 1219 2944 cognatione
1229 2872 1402 2927 Chaeremon

250 2963 454 3018 Alexandrinos
477 2967 583 3032 poetas,
612 2963 712 3031 quibns
742 2963 790 3017 ille
818 2963 933 3016 minime
963 2963 1076 3032 ignotus
1104 2960 1160 3014 fnit
1188 2960 1235 3030 (cf.
1255 2959 1287 3013 B.
1315 2977 1342 3029 p.
1364 2959 1403 3028 9),

250 3053 386 3122 attigerit.
423 3053 456 3106 In
479 3053 579 3107 duobis
601 3053 658 3106 illis
677 3053 829 3107 maioribus
856 3053 1033 3122 fragmentis,
1064 3068 1135 3120 quae
1153 3049 1314 3103 Athenaeus
1334 3047 1403 3102 XlII

249 3158 276 3209 p.
297 3143 349 3194 608
368 3141 391 3194 Β
410 3145 439 3195 et
457 3142 482 3195 D
502 3141 624 3195 servavit
643 3140 690 3210 (cf.
710 3141 807 3196 Nauck
825 3142 843 3195 l.
861 3142 880 3194 l.
900 3159 927 3211 p.
946 3142 1007 3196 606.
1028 3141 1101 3209 610),
1129 3155 1223 3193 omnes
1245 3137 1402 3192 formarum

250 3230 428 3283 muliebrium
447 3247 560 3284 veneres
587 3247 620 3284 ac
649 3230 788 3284 lenocinia
815 3230 917 3284 vividis
949 3229 1090 3284 coloribus
1122 3227 1324 3297 depinguntur,
1351 3225 1401 3296 qui

249 3335 337 3387 paene
355 3337 372 3372 a
390 3319 546 3387 pictoribus
565 3319 670 3387 sumpti
689 3337 747 3373 esse
765 3318 898 3374 videntur
917 3319 1037 3389 argutiis
1056 3317 1220 3372 facetissimi
1235 3316 1300 3369 salis
1313 3315 1402 3368 inter·

250 3407 342 3461 textis.
380 3408 510 3463 Colonum
528 3409 680 3478 pigmentis
699 3409 827 3478 impertit
845 3409 893 3462 ille
912 3408 1033 3462 orationi
1051 3406 1195 3461 facticium
1214 3404 1354 3474 quendam
1374 3407 1404 3458 et

250 3495 375 3550 fucatum
392 3497 577 3566 splendorem,
597 3497 672 3564 quod
690 3496 809 3552 Bartsch
829 3499 867 3565 (p.
880 3499 926 3563 31)
946 3513 979 3550 ex
997 3495 1121 3550 novandi
1142 3493 1234 3548 studio
1253 3491 1297 3546 illi
1315 3492 1404 3546 aetati

249 3585 364 3654 proprio
382 3586 564 3654 repetendum
585 3603 643 3639 esse
663 3589 756 3640 censet
778 3585 881 3639 similia
905 3584 1115 3653 inaequalibus
1135 3583 1275 3651 detegens.
1312 3579 1335 3633 F
1338 3597 1403 3650 rag·

250 3677 344 3727 menta
361 3677 454 3727 autem
474 3674 509 3727 ad
528 3674 636 3742 epicam
654 3674 748 3742 potius
768 3691 852 3742 quam
871 3673 907 3727 ad
927 3673 1111 3727 dramaticam
1129 3671 1268 3725 rationem
1294 3686 1401 3725 accom-

250 3761 364 3816 modata
382 3766 446 3816 sunt
465 3762 509 3831 (cf.
529 3763 561 3816 Β.
581 3780 608 3832 p.
620 3762 675 3830 28).
705 3762 833 3834 Denique
851 3762 1032 3815 Aristotelem
1052 3759 1117 3814 audi
1137 3759 1219 3814 Rhet.
1238 3757 1287 3825 Ill,
1309 3758 1349 3810 12.
1370 3758 1400 3810 2:

249 3844 428 3918 βαστάζονιαι
447 3850 478 3903 dd
498 3853 525 3903 οἱ
541 3847 751 3920 ἄναγνωστικοί,
777 3846 836 3905 οἷον
857 3845 1018 3920 Χαιρήμων.
1050 3843 1187 3916 ἀκριβὴς
1206 3845 1268 3916 γὰρ
1288 3842 1402 3913 ὥσπερ

251 3933 468 4008 λογογράφος
495 3938 541 4007 (cf.
560 3938 691 3994 Welcker
709 3940 728 3992 l.
747 3941 766 3992 l.
784 3957 811 4009 p.
834 3942 901 3993 1082
921 3938 982 4009 sq).
1003 3968 1033 3977 -
1055 3938 1117 3993 Uno
1141 3936 1268 4005 exemplo
1287 3934 1401 3988 demon·

250 4026 355 4090 strabo,
385 4043 439 4094 quo
462 4027 524 4081 iure
543 4027 716 4082 Chaeremon
738 4029 772 4082 iis
792 4029 953 4082 auctoribus
974 4028 1182 4093 adnumeretur,
1210 4025 1259 4094 qui
1280 4022 1346 4076 inde
1364 4021 1401 4076 ab

250 4114 387 4183 Euripide
406 4114 476 4168 alius
491 4116 561 4169 alius
575 4117 702 4186 vestigiis
716 4117 879 4170 institerint.
904 4117 977 4172 Nam
990 4116 1163 4185 Euripidem
1170 4114 1288 4169 Penthei
1301 4131 1405 4168 nomen.

186 4191 190 4201 ¹
250 4203 445 4257 derivatuma
468 4209 573 4262 πένθος
596 4205 775 4260 denotantem
805 4206 915 4274 (Bacch.
935 4206 995 4260 367.
1016 4207 1079 4274 508)
1107 4205 1148 4259 ita
1173 4205 1303 4272 deinceps
1327 4202 1400 4257 exci-

250 4291 345 4360 piunt:
377 4290 548 4346 Chaeremon
573 4292 627 4362 frg.
647 4296 664 4346 4
683 4294 718 4349 N.
756 4293 896 4348 Theocrit.
916 4293 1016 4365 XXVI,
1045 4296 1087 4348 26.
1124 4292 1242 4365 Oppiam
1267 4289 1333 4362 Cyn.
1353 4289 1401 4360 IV,

250 4380 311 4434 305.
341 4379 432 4434 Nonn.
451 4380 565 4452 Dionys.
586 4383 685 4454 XLVI,
705 4387 748 4442 73.
