3142 5074
767 349 802 401 87

213 515 295 600 quod
317 517 467 584 nimirum
489 519 529 584 ad
551 520 714 602 poetarum
725 537 841 584 morem
862 519 982 602 spectat
1004 519 1144 598 eundem,
1160 520 1196 584 nt
1211 519 1363 602 aperiant,

212 618 293 683 unde
315 637 371 684 sua
386 620 640 702 consarcinarint‚
665 620 702 684 de
715 639 775 703 quo
789 639 882 702 supra
894 620 988 686 verba
1002 619 1061 686 feci
1072 620 1114 705 (p.
1128 618 1192 704 77).
1217 620 1362 704 Myrrhae

212 720 318 785 autem
340 720 552 787 crimen'item
573 721 701 788 denotat
724 721 829 806 Scylla
851 722 919 804 ipsa
940 722 1069 788 dicendo
1091 741 1121 787 3.
1144 723 1206 786 263
1233 741 1266 786 33
1284 721 1363 785 nihil

212 840 327 900 amare,
348 819 429 904 ‘quo
452 822 532 888 13133
553 823 659 888 tamen
685 822 784 889 lateat
806 823 931 906 pietatis
953 823 1093 907 imago’3
1128 823 1162 887 in
1184 839 1246 906 qua
1267 840 1301 886 re
1323 821 1363 886 ad

213 921 359 987 Ovidium
386 923 470 988 ultro
497 941 664 1006 provocare
689 923 771 1006 licet,
799 923 853 1006 qui
884 923 1067 1006 inpietatis
1099 922 1226 988 nomine
1258 921 1363 987 ludere

211 1022 289 1087 solet
309 1021 361 1107 (cf.
383 1043 411 1088 3.
434 1025 505 1088 366.
528 1025 599 1089 324.
623 1024 709 1106 333).
761 1025 904 1090 Ceterum
926 1025 992 1107 1333
1016 1024 1147 1089 33131313
1168 1024 1363 1088 13133333133

212 1141 408 1207 nequaquam
443 1124 631 1189 necessarius
665 1125 795 1209 ideoque
829 1126 868 1190 ab
900 1125 1013 1191 ovidio
1045 1127 1078 1190 13
1105 1124 1227 1208 Scyllae
1255 1122 1363 1190 fabula
1503 1159 1509 1170 ·

211 1223 409 1307 (11317111,
442 1225 481 1290 85
504 1226 564 1308 sq.)
596 1244 720 1308 prorsus
742 1225 912 1308 neglectus,
948 1227 1027 1291 natis
1055 1225 1220 1292 manifesto
1243 1224 1364 1290 indicat

212 1325 335 1406 poetam
358 1325 460 1391 311333
482 1327 549 1391 3313
571 1327 741 1410 impulsum
763 1345 835 1407 esse,
859 1328 895 1391 ut
917 1326 1042 1393 fabulae
1064 1326 1272 1392 adventiciam
1294 1343 1363 1407 333-

211 1425 275 1490 tem
299 1426 473 1509 affingeret,
497 1428 625 1493 minime
648 1428 773 1512 quidem
794 1447 849 1493 suo
864 1428 975 1506 Marte,
999 1426 1270 1502 sedAlexandrini
1290 1444 1364 1490 auc·

211 1527 288 1591 toris
311 1527 455 1610 vestigiis
477 1528 632 1594 insistens.
677 1528 759 1594 Nam
781 1530 898 1594 nutrici
919 1529 981 1594 iam
1011 1530 1045 1594 13
1072 1527 1238 1611 exemplari
1258 1527 1364 1609 aliquo

210 1627 419 1694 Alexandrino
443 1631 546 1713 partes
566 1629 656 1695 13133
678 1648 742 1695 3333
765 1629 888 1712 3131333
911 1631 1100 1713 Pompeiana
1122 1628 1242 1712 probat,
1277 1625 1364 1710 Scyl·

209 1729 273 1794 larn
311 1729 474 1794 ostendens
510 1730 671 1796 nutricula
710 1731 822 1796 cernite
855 1749 925 1796 cum
953 1749 1069 1815 magne
1101 1729 1199 1794 animi
1231 1729 1362 1805 tumore,

210 1847 301 1911 quern
324 1830 475 1894 excitatus
498 1831 634 1912 corporis
656 1831 782 1896 habitus
804 1831 918 1915 prodit,
941 1833 1014 1897 ante
1036 1831 1174 1896 Minoem
1196 1828 1365 1895 consisten-

210 1929 273 1993 tem
297 1930 327 1994 ot
348 1949 536 2013 purpureum
559 1932 676 1996 crinem
696 1931 904 2015 porrigentem
920 1933 938 1994 ¹.

309 2031 366 2094 Rei
379 2031 484 2096 autern
500 2032 615 2097 natura
631 2032 700 2110 lert,
723 2033 759 2096 ut
774 2033 956 2116 exemplaris
970 2032 1153 2098 ornamenta
1170 2032 1201 2097 31
1223 2031 1363 2097 colorum

209 2131 298 2214 quasi
325 2131 454 2215 lumina,
488 2151 559 2196 cum
584 2133 715 2199 materia
738 2153 791 2216 per
817 2132 894 2198 31133
918 2133 1060 2199 auctores
1083 2132 1153 2198 31113
1175 2131 1363 2211 traderetur,

209 2231 367 2314 gradatim
389 2232 554 2298 attenuata
576 2234 803 2316 obscuratoque
825 2235 943 2299 313131
965 2251 1131 2298 333333333
1148 2251 1219 2297 cum
1241 2233 1363 2316 tragica

211 2331 353 2397 Phaedra
365 2332 428 2397 fere
440 2334 612 2398 evanuerit.
637 2332 697 2400 Sed
713 2335 899 2417 argumenta
915 2334 1014 2400 allata
1030 2333 1284 2416 intellegentibus
1300 2333 1363 2397 suf·

212 2432 317 2497 ficient
338 2433 378 2498 ad
401 2435 635 2516 approbandum
656 2435 817 2515 iudicium,
840 2435 922 2519 quod
944 2455 1038 2518 supra
1055 2435 1124 2519 feci,
1148 2433 1295 2499 Ovidium
1311 2453 1364 2498 ne·

74 2574 92 2581 -
212 2552 271 2617 que
287 2535 421 2616 primurn
432 2535 585 2602 invenisse
601 2536 796 2619 praedictum
812 2537 891 2601 illud
906 2536 1098 2620 colloquium
1114 2553 1211 2618 neque
1230 2534 1263 2598 in
1277 2553 1362 2599 excr-

211 2635 312 2700 nando
342 2655 376 2701 eo
399 2636 447 2700 331
469 2637 587 2720 ingenii
609 2637 762 2719 impetum
783 2637 923 2702 secutum
947 2656 1021 2702 esse.
1055 2636 1136 2700 Turn
1156 2634 1220 2699 noli
1242 2635 1364 2717 praeter

210 2736 286 2802 haec
304 2738 465 2820 neglegere
483 2739 648 2805 nonnullos
664 2738 780 2803 3313333
799 2738 830 2803 13
848 2737 970 2822 Scyllae
983 2737 1190 2818 descriptione
1205 2734 1361 2800 adhibitos

210 2838 325 2903 mirum
344 2838 376 2902 13
400 2839 527 2904 modurn
551 2838 670 2904 adfines
693 2839 741 2918 iis,
775 2838 888 2921 quibus
909 2837 1070 2903 Phaedrae
1097 2835 1224 2918 depingi
1250 2835 1361 2900 solent.

210 2939 351 3021 Utraque
373 2939 455 3003 enim
477 2940 591 3004 amoris
613 2940 720 3005 morbo
744 2938 853 3004 affecta
875 2957 894 3004 a
917 2938 1049 3021 pristina
1077 2936 1170 3001 nendi
1196 2936 1362 3001 consuetu·

210 3038 281 3102 dine
301 3037 437 3103 deflectit
465 3039 541 3120 (013.
567 3041 636 3105 177.
662 3040 730 3119 179,
755 3039 823 3105 Sen.
845 3039 959 3105 Phaed.
985 3039 1045 3103 103
1068 3037 1141 3120 sq.);
1172 3035 1256 3101 idem
1290 3036 1361 3101 auri

209 3138 357 3221 taedium,
392 3140 475 3222 qnod
498 3140 577 3206 01313
599 3142 692 3224 33313
714 3160 742 3206 3.
768 3141 828 3204 177
851 3139 989 3218 1333131,
1023 3139 1055 3203 13
1078 3137 1219 3204 Phaedra
1239 3137 1361 3202 1333313

210 3240 292 3318 (833.
316 3241 400 3322 387).
444 3241 564 3308 Μ33133
586 3242 662 3322 3313,
687 3242 737 3306 331
755 3240 859 3326 Scylla
883 3259 944 3305 333
966 3241 1102 3322 amplius
1125 3257 1248 3321 operam
1264 3238 1362 3304 33331

209 3341 391 3424 (013178),
429 3343 562 3408 33311133
593 3344 627 3408 13
660 3341 860 3425 sarcophagis
894 3341 1012 3408 1333133
1045 3341 1172 3407 student
1202 3338 1362 3406 Phaedrae

208 3442 371 3508 trist'tiam
395 3444 574 3509 exhilarare.
619 3442 723 3527 Atque
752 3461 823 3508 cum
851 3440 1014 3526 ‘gravidos
1036 3442 1154 3507 0333313
1176 3441 1268 3506 fetus'
1299 3459 1361 3505 333

209 3543 371 3626 contingat
393 3543 498 3629 Scylla
525 3544 601 3626 (013.
625 3547 709 3626 230),
741 3545 773 3608 13
802 3544 861 3609 1333
891 3561 1012 3626 quoque
1038 3543 1152 3625 aequat
1174 3540 1361 3619 Phaedram,

209 3661 302 3724 quam
331 3645 442 3709 chorus
469 3643 653 3726 Euripideus
680 3645 766 3710 canit
798 3638 972 3727 Δάματρος
1002 3634 1105 3720 ἀκτᾶς
1137 3640 1237 3725 δέμας
1267 3635 1363 3726 ἁγνὸν

207 3734 310 3822 ἴσχειν
324 3744 410 3827 (Η13.
433 3763 461 3810 3.
481 3746 549 3824 138,
574 3745 612 3810 cl.
636 3764 665 3810 3.
689 3747 760 3825 275,
784 3746 853 3812 833.
877 3746 939 3810 373
961 3745 1033 3829 eq).
1078 3745 1264 3827 Quanquam
1289 3760 1361 3807 3333

208 3844 411 3910 Alexandrini
437 3847 546 3928 poetae
579 3848 731 3913 nonnulla
763 3848 796 3912 id
835 3866 932 3930 genus
961 3847 1144 3912 ornamenta
1179 3846 1210 3910 in
1241 3843 1361 3910 deliciis
1486 3883 1489 3888 ,

208 3944 332 4028 hahent,
365 3947 505 4012 3131133
531 3947 711 4030 explanabo
746 3949 853 4013 tamen
883 3948 996 4013 mirum
1025 3945 1174 4011 33101313
1200 3946 1359 4012 auctorem

212 4106 406 4116 ——--—-

308 4197 419 4252 1Η311).
438 4215 483 4252 33.
506 4199 685 4254 1331113313.
707 4201 771 4272 Ztg.
793 4202 861 4254 1866
879 4217 907 4269 3.
930 4199 980 4252 196
995 4215 1035 4267 sq.
1055 4196 1087 4250 T.
1107 4195 1211 4251 CCXII.
1231 4225 1263 4234 -
1279 4195 1356 4250 Haec

207 4285 319 4354 pictura
337 4287 367 4340 in
386 4287 481 4342 eodem
500 4288 628 4342 cubiculo
647 4292 733 4358 atquo
756 4290 845 4344 311333
862 4289 945 4344 modo
973 4287 1096 4355 laudata,
1125 4302 1195 4354 quae
1216 4284 1354 4338 Adonidis

207 4378 322 4442 partum
340 4374 463 4445 exhibet,
482 4379 596 4444 reperta
613 4379 664 4430 est.
1070 4378 1074 4386 '
