3154 5076
773 399 806 450 53

220 569 353 633 Theseus
377 566 490 633 Thebis
513 569 688 648 reuertitur,
721 570 802 653 quod
825 569 910 635 nullo
933 569 1090 653 praeterea
1112 569 1290 635 testimonio
1312 568 1366 632 iir-

216 669 334 748 matnr3
373 689 445 734 nam
468 671 508 735 ah
530 670 677 752 Euripide
705 671 790 751 (Hip.
815 671 889 747 792)
919 662 1051 751 θεωρός
1078 670 1203 734 tantum
1225 670 1364 735 vocatur.

215 767 339 832 lurenis
361 768 489 834 exitium
510 770 555 834 ita
578 771 733 847 narratur,
763 770 852 852 quasi
875 771 902 834 ei
925 769 1089 852 Neptunus
1111 770 1220 850 sponte
1243 787 1278 833 ac
1300 769 1365 833 for-

214 867 296 931 tuito
319 886 411 932 curru
433 869 592 935 invehenti
619 871 793 934 monstrum
820 869 996 949 immiserit,
1031 887 1109 951 quae
1139 867 1219 933 ratio
1253 869 1285 931 iu
1317 867 1365 950 his

214 966 384 1032 historiolis
406 969 566 1035 tralaticia
591 989 609 1034 a
631 970 794 1053 tragoedia
817 970 918 1034 aliena
940 971 987 1035 est
1001 968 1022 1034 ¹.

315 1067 399 1132 Hinc
420 1069 460 1134 ad
483 1069 624 1135 Servium
647 1072 679 1135 et
704 1071 859 1135 inferioris
889 1071 1001 1136 aetatis
1034 1071 1209 1136 commenta
1238 1070 1364 1134 descen-

215 1167 339 1244 damus3
361 1169 415 1234 ille
437 1171 519 1235 enim
542 1171 701 1252 (adVerg.
719 1173 795 1236 Aen.
816 1172 867 1255 VI,
882 1170 959 1254 445)
980 1191 1059 1237 nova
1081 1172 1203 1236 ratione
1225 1171 1363 1236 tabulam

195 1269 377 1351 'detorquet
411 1270 450 1335 ad
487 1271 654 1336 historicae
689 1273 821 1353 speciem
859 1270 1083 1354 πραγματείας
1125 1291 1179 1354 pro
1217 1272 1363 1354 Neptuno

215 1370 355 1454 Aegeum
378 1373 497 1454 patrem
523 1373 724 1456 substituere,
759 1376 811 1456 qui
834 1375 872 1439 ab
894 1374 976 1439 irato
1003 1374 1068 1439 filio
1096 1374 1259 1438 invocatus
1285 1373 1363 1455 Hip·

214 1471 320 1555 polyto
343 1491 451 1538 currus
473 1473 609 1556 agitanti
639 1475 769 1556 phocam
796 1475 960 1540 immittat.
1004 1475 1095 1539 Alter
1117 1473 1363 1558 mythographus

215 1572 387 1638 Vaticanus
412 1573 448 1656 (f.
473 1575 547 1654 128)
571 1573 711 1640 Servium
736 1575 910 1640 describens
939 1575 1037 1654 addit,
1065 1575 1147 1658 quod
1174 1574 1213 1639 ad
1240 1572 1363 1638 intolle-

215 1673 349 1756 gendum
373 1675 511 1757 apprime
534 1677 740 1742 necessarium
763 1677 819 1759 est,
847 1677 984 1760 Aegeum
1007 1677 1083 1741 tunc
1101 1676 1256 1740 marinum
1272 1674 1363 1739 deum

213 1773 336 1841 fuisset
381 1775 460 1841 (lum
481 1777 581 1860 igitur
602 1779 818 1842 monstruosus
840 1778 895 1844 ille
917 1779 972 1844 hos
996 1778 1134 1843 marinus
1157 1776 1220 1843 reri
1251 1775 1364 1842 simili·

217 1945 415 1956 ——..

214 2062 242 2114 p.
262 2047 315 2100 358
338 2051 487 2104 natusest
510 2048 547 2104 ad
568 2048 643 2104 idem
667 2066 738 2118 opus
761 2049 899 2118 respicere
918 2047 1031 2102 Suidam
1056 2065 1077 2102 s.
1096 2066 1123 2104 v.
1151 2049 1301 2122 ψιθυριστῇ
1329 2065 1363 2102 ex

215 2133 325 2204 Zopyro
344 2143 507 2192 nauantem
519 2138 657 2192 Theseum
675 2139 710 2193 de
727 2138 872 2193 Phaedrae
890 2137 921 2191 in
940 2137 1125 2208 Hippolytum
1144 2139 1289 2194 calumniis
1306 2155 1362 2192 cer·

215 2222 317 2276 tiorem
335 2224 443 2279 factum
461 2225 600 2281 Mercurio
622 2229 772 2300 ψιθυριστῇ
793 2230 821 2281 et
839 2227 938 2281 Amori
957 2230 985 2281 et
1004 2225 1106 2280 Veneri
1129 2228 1265 2298 templum
1287 2226 1363 2280 dedi·

215 2330 297 2367 casse.
327 2343 360 2352 ·-
384 2313 426 2368 Do
445 2315 506 2368 aliis
527 2315 647 2369 eiusdem
667 2316 787 2369 nominis
811 2315 995 2386 scriptoribus
1024 2314 1059 2370 cf.
1079 2315 1153 2369 Jahn
1171 2314 1256 2369 Arch.
1276 2314 1364 2368 Beitr.

215 2418 242 2470 p.
263 2403 315 2454 272
334 2401 401 2472 (41),
418 2401 520 2456 Miiller
538 2403 570 2456 F.
589 2403 623 2456 H.
644 2403 674 2457 G.
693 2403 732 2456 IV
753 2421 780 2472 p.
802 2405 861 2458 533.
880 2433 913 2444 -
942 2403 996 2458 Sed
1014 2403 1155 2474 Zopyrum
1179 2404 1269 2471 illum,
1296 2403 1362 2456 dum

215 2487 385 2542 firmioribus
398 2489 565 2544 testimonii·
583 2491 641 2545 eius
655 2493 807 2546 auctoritas
821 2491 963 2560 fulciatur,
985 2493 1098 2546 missurn
1113 2491 1256 2559 faciamus,
1276 2507 1362 2559 quan-

215 2594 299 2645 quam
321 2594 384 2631 oum
404 2578 621 2646 Wyttcnbachio
642 2580 716 2649 (Vol.
735 2571 761 2634 li
779 2581 810 2634 P.
826 2582 836 2634 l
851 2598 877 2650 p.
891 2581 936 2650 78)
962 2580 1060 2650 opiner
1082 2597 1138 2634 non
1165 2596 1259 2634 omnes
1277 2578 1364 2632 histo·

214 2666 301 2720 riolas
323 2683 413 2735 neque
432 2685 526 2722 omnes
546 2673 673 2723 auctores
692 2670 721 2723 in
740 2670 794 2724 hoc
812 2670 907 2724 libello
927 2668 1058 2724 confictor
1079 2686 1149 2738 esse;
1178 2668 1253 2738 quod
1279 2668 1364 2722 etiam

214 2754 314 2809 Rohde
335 2754 381 2810 Gr.
400 2754 481 2810 Rom.
500 2773 527 2825 p.
547 2758 628 2826 41(s)
648 2758 800 2812 contendit.
838 2758 910 2812 Nam
929 2761 1061 2813 accurata
1081 2757 1253 2827 singulorum
1272 2757 1363 2826 paral·

213 2843 331 2897 lelorum
350 2845 520 2899 examinatio
540 2845 631 2900 adhuc
648 2846 838 2912 desideratur;
856 2863 940 2914 quarn
951 2846 1085 2916 Herchcr,
1105 2846 1154 2914 qui
1172 2845 1363 2914 impudentem

215 2930 361 2985 falsarium
379 2933 469 2987 libelli
487 2933 522 2988 de
531 2933 640 2989 Fluviis
661 2937 745 2989 semel
764 2935 937 3006 profligavit,
957 2952 1013 2989 non
1032 2933 1182 3004 praestitit
1202 2963 1235 2972 -
1254 2935 1294 2987 At
1314 2933 1364 2986 mi·

213 3020 288 3073 nime
301 3019 436 3091 refrager,
450 3021 473 3075 si
487 3023 548 3090 quis
562 3024 769 3102 Alexandrinae
788 3023 878 3093 poesis
897 3023 1021 3077 rivulum
1039 3023 1069 3076 in
1087 3025 1213 3076 nostram
1231 3020 1363 3076 fabellam

214 3107 357 3162 influxisse
373 3109 538 3180 contendat3
567 3129 623 3180 quo
646 3113 770 3181 pertinet
788 3112 934 3166 Phaedrae
952 3128 1026 3165 mor·
1046 3114 1163 3181 propter
1182 3111 1294 3164 Amoris
1312 3111 1362 3164 im-

213 3195 381 3264 patientiam
399 3196 445 3267 (cf.
456 3197 592 3254 Stobaeus
612 3199 629 3254 l.
640 3201 682 3269 l.);
702 3201 776 3255 idem
795 3201 829 3254 de
847 3199 965 3270 Byblide
982 3203 1101 3254 narrant
1120 3199 1215 3254 Conon
1232 3216 1308 3252 narr.
1326 3197 1362 3268 11,

214 3285 281 3337 Ant.
302 3283 396 3339 Liber.
416 3286 503 3340 XXX.
533 3317 565 3326 -
595 3287 737 3343 Falsarius
761 3294 856 3343 autem
878 3292 1004 3342 nostram
1029 3288 1156 3342 fabulam
1179 3286 1313 3356 repetivit
1337 3286 1363 3341 d.

217 3371 298 3428 Fluv.
318 3373 367 3440 111,
388 3377 417 3443 1;
436 3373 470 3430 ci.
490 3376 616 3431 Hercher
635 3377 709 3431 Plut.
728 3376 776 3431 lib.
794 3377 821 3431 d.
840 3377 920 3432 Flnv.
939 3393 966 3446 p.
984 3378 1019 3430 28
1037 3394 1077 3446 sq.

316 3461 326 3492 ¹
346 3461 480 3517 Stobaeus
499 3465 527 3532 (l.
538 3464 580 3532 l.):
602 3465 778 3535 ἔαριζομὲνοα
791 3465 822 3518 dt
840 3465 888 3518 τοῦ
900 3459 1060 3518 Ἱππολύτου
1078 3462 1153 3532 παρὰ
1172 3461 1222 3518 τὸν
1239 3459 1365 3532 αἰγιαλὸν

214 3548 260 3614 τῆς
278 3543 422 3617 θαλάσσης
439 3554 535 3623 ταῦρος
553 3554 699 3625 ἐπιφανεὶς
717 3555 845 3620 daretque
863 3551 924 3612 τοὺς
943 3558 1045 3613 ἵππους
1063 3556 1117 3607 κτλ.
1138 3582 1171 3592 -
1191 3552 1364 3620 Interpretes

216 3637 374 3694 conticuere
393 3658 495 3704 omnes,
515 3659 676 3712 quanquam
693 3645 870 3714 ἒαριζομένου
882 3647 978 3712 aperto
996 3642 1159 3698 mendosum
1178 3646 1228 3695 est.
1265 3639 1364 3709 Epito-

215 3731 307 3781 mator
334 3729 451 3798 praebet
470 3730 517 3783 tul
535 3726 656 3801 ἅρματος
676 3726 782 3802 τυχόντι
802 3733 901 3801 ταῦρον
924 3733 1051 3802 ἔπεμψε,
1084 3731 1139 3786 alia
1168 3730 1257 3800 igitur
1284 3728 1363 3798 legit.

216 3815 356 3870 Usitatnm
376 3822 469 3873 autem
488 3819 613 3887 verbum,
642 3821 718 3888 quod
736 3825 765 3874 et
783 3837 893 3874 sensum
916 3821 1055 3890 epitomae
1080 3824 1108 3874 et
1131 3819 1211 3890 signa
1237 3816 1363 3872 codicum

215 3905 297 3973 plene
315 3909 343 3959 et
360 3906 483 3975 perfecte
506 3907 616 3976 reddat,
644 3908 720 3962 haud
746 3908 939 3977 expiscaberis.
979 3909 1059 3970 Cave,
1089 3926 1124 3962 ne
1142 3906 1177 3962 de
1196 3906 1301 3976 biiugis
1320 3922 1364 3960 co·

215 3993 303 4062 gites3
332 4012 397 4048 nam
414 3995 582 4066 Hippolytus
611 3996 808 4068 quadrigarius
836 4002 878 4051 est
904 3996 1053 4052 secundum
1074 3996 1259 4066 lapicidarum
1277 3995 1364 4065 picto·

217 4098 278 4134 rum
297 4087 444 4150 poetarum
462 4084 540 4153 (Eur.
550 4085 615 4154 Hip.
637 4088 714 4138 1212.
737 4087 814 4139 1229.
833 4085 936 4156 Hygin.
956 4085 975 4139 f.
996 4088 1058 4156 250)
1083 4088 1257 4140 constantem
1274 4101 1363 4137 usum.

217 4167 352 4235 Quocirca
365 4171 518 4227 Buecheler
536 4174 693 4242 suspicatur
711 4173 846 4243 elegantis
863 4174 997 4227 sermonis
1017 4173 1207 4228 affectatorem
1221 4172 1363 4242 scripsisse

218 4257 401 4328 ἔωριζομέαου
419 4261 477 4314 sive
496 4264 707 4332 αἰωριζομέναυς
729 4266 884 4330 sequuntur
902 4263 1076 4316 eniminum
1094 4267 1122 4318 et
1141 4256 1227 4333 ἅρμα,
1246 4265 1279 4315 ut
1296 4261 1363 4315 satis

217 4347 399 4417 intellegatur
416 4365 499 4402 curru
519 4353 654 4417 tanquam
674 4350 769 4404 volans
788 4349 975 4420 pendensque.

319 4433 388 4491 2(ἓΐ.
406 4435 500 4492 Naeke
523 4437 558 4492 de
583 4438 649 4494 Call.
674 4438 739 4494 Hec.
766 4457 794 4508 p.
814 4441 856 4494 80.
884 4470 917 4479 -
947 4439 1065 4495 Brevior
1090 4444 1132 4496 est
1161 4438 1250 4495 altera
1273 4436 1363 4492 Servii
