3142 5074
741 409 790 462 101

189 578 286 644 thenii
324 577 512 644 narrationis
549 579 678 645 octavae
711 578 823 644 titulus
865 581 978 646 diserte
1009 583 1163 649 testatur:
1202 579 1340 665 Ἱστορεῖ

190 671 429 762 Ἀριστόδημος
453 673 471 742 ὁ
500 675 648 757 Νυσαεύς
675 679 710 744 ἐν
733 675 939 763 άἹσσοριῶν
966 683 1045 764 περὶ
1071 680 1206 760 τούτων,
1235 682 1339 770 πλήν

189 773 250 844 ὅτι
271 777 317 844 τοὶ
339 769 519 862 ὀνόματα
540 774 797 858 ὑπαλλάττει,
817 773 889 847 ἀντὶ
909 777 1080 870 Ἡρίππης
1100 785 1207 850 καλῶν
1232 790 1337 851 linds-

187 877 273 963 μὶαν,
304 876 362 944 τὸν
393 879 428 946 δὲ
459 875 626 965 βάρβαρον
659 877 823 963 Καυάραν,
877 885 989 967 Itaque
1018 885 1121 968 lepida
1153 887 1267 953 labella
1300 889 1338 954 de

187 983 369 1066 aegrotante
389 983 544 1051 Antiocho
566 983 762 1049 Stratonicae
785 1002 935 1050 novercae
966 1004 1071 1051 amore
1098 987 1259 1071 flagrante,
1287 991 1337 1055 eui

188 1082 267 1147 nihil
288 1082 420 1148 fortasse
444 1082 520 1148 iacti
542 1084 656 1165 subest,
680 1084 788 1149 multis
810 1085 917 1150 rivolis
938 1085 1041 1164 fluxit,
1065 1086 1161 1152 donec
1182 1090 1337 1171 postremo

187 1184 220 1247 in
253 1182 415 1249 Heliodori
449 1183 641 1266 Aethiopicis
671 1186 810 1250 subsedit
842 1187 894 1266 (ef.
928 1187 1035 1253 Rohde
1061 1188 1125 1253 1.1.
1153 1207 1181 1270 p.
1205 1189 1245 1252 52
1267 1193 1338 1272 sq.).

189 1281 305 1348 Eodem
331 1283 466 1366 pertinet
491 1285 629 1368 mythIca
664 1286 770 1352 tabula
804 1287 841 1353 de
873 1286 997 1353 infelice
1018 1289 1136 1367 iuvene,
1159 1289 1212 1372 qui
1234 1307 1339 1354 amore

188 1384 338 1465 superbae
359 1384 480 1466 puellae
502 1384 622 1464 ardens,
645 1387 826 1469 repudiatus
848 1405 975 1453 manum
999 1389 1056 1453 sibi
1078 1385 1200 1469 infert,
1213 1390 1252 1454 ad
1276 1391 1339 1456 Ar·

188 1481 293 1549 sinoen
316 1485 531 1550 Nicocreontis
556 1487 638 1569 regis
661 1488 754 1571 (typri
782 1488 881 1554 liliam
914 1488 1014 1554 relata
1043 1490 1109 1574 illa,
1142 1509 1236 1573 quam
1262 1491 1338 1556 Oui-

188 1585 258 1650 dius
280 1604 403 1667 prorsus
426 1586 497 1652 aliis
518 1589 655 1670 personis
676 1590 791 1654 subicit
806 1590 895 1672 (Met.
918 1589 1004 1667 XIV,
1016 1591 1078 1656 698
1094 1610 1155 1674 sq.;
1178 1592 1338 1658 cl.Rohde

188 1686 210 1750 1.
232 1686 254 1750 1.
277 1705 307 1768 p.
331 1687 371 1751 79
394 1686 482 1770 sq.)¹.
526 1689 689 1754 Parthenii
711 1691 942 1755 narrationibus
956 1689 1032 1756 XXI
1054 1694 1084 1755 et
1105 1690 1198 1756 XXII
1216 1691 1338 1775 Scyllae

188 1786 295 1852 fabula
317 1787 489 1870 exemplum
516 1789 635 1854 dedisse
662 1790 796 1856 videtur.¹
846 1791 988 1875 Cognata
1015 1793 1062 1856 est
1091 1792 1197 1858 sabula
1219 1793 1256 1857 dc
1278 1792 1338 1858 00-

188 1883 313 1954 maetho
343 1889 484 1954 Pterelae
510 1890 577 1955 filia
611 1890 767 1973 (Apollod.
791 1892 833 1971 Il,
858 1893 888 1955 4.
912 1893 954 1972 7),
988 1911 1084 1976 quam
1113 1892 1243 1958 Ovidius
1275 1892 1336 1973 (Ib.

188 1990 250 2054 359
280 1991 341 2073 sq.)
375 2009 445 2054 cum
479 1989 583 2075 Scylla
620 1993 787 2074 componit.
842 1993 980 2058 Eandem
1013 1994 1145 2078 denique
1177 1993 1337 2059 heroinam

187 2091 349 2174 Propertio
371 2093 404 2156 in
427 2092 576 2175 Tarpeiae
598 2093 705 2158 fabula
732 2094 907 2160 exornanda
936 2095 993 2176 (V,
1015 2096 1045 2160 4.
1070 2096 1108 2160 19
1131 2095 1196 2178 sq.)
1229 2094 1337 2160 obver-

188 2194 289 2258 satam
312 2211 376 2258 esse
397 2213 489 2276 supra
511 2195 602 2259 doctri
625 2199 667 2277 (p.
690 2194 746 2278 92)
759 2197 780 2260 ².
825 2196 949 2262 Similia
979 2197 1117 2279 exempla
1146 2195 1266 2262 affatim
1289 2195 1305 2260 f
1324 2229 1338 2243 -

188 2292 246 2356 cile
267 2293 440 2376 indagabit,
464 2296 517 2378 qui
539 2296 615 2362 data
637 2316 728 2379 opera
750 2299 783 2362 in
805 2299 885 2362 hanc
906 2316 970 2363 rem
993 2297 1200 2381 inquisiverit.

292 2449 299 2479 ¹
318 2445 351 2499 ln
370 2445 488 2500 diversis
506 2446 610 2514 mythis
629 2446 724 2500 eadem
749 2450 913 2500 ornamenta
935 2451 964 2501 et
989 2447 1069 2514 quasi
1092 2446 1251 2502 fabularum
1278 2465 1336 2502 mo·

186 2539 281 2589 menta
300 2535 402 2588 iterum
422 2552 454 2589 ac
472 2535 581 2603 saepius
600 2534 772 2604 deprehendi
790 2535 891 2602 sciunt,
910 2535 957 2603 qui
976 2535 1106 2604 mythicis
1127 2537 1337 2604 quaestionibus

186 2623 289 2678 intenti
309 2628 382 2677 sunt.
420 2621 474 2678 Sed
497 2641 561 2677 cum
589 2624 620 2685 in
644 2618 804 2693 ‘legendis',
834 2641 902 2691 quas
927 2626 1042 2678 auctore
1060 2623 1204 2679 Welckero
1228 2630 1337 2694 vocant,

187 2729 254 2767 vere
271 2713 394 2780 mythice
412 2712 595 2766 fundamenta
614 2712 707 2766 desint
726 2711 772 2780 (cf.
786 2711 915 2766 Welcker
930 2713 977 2766 Gr.
991 2712 1161 2768 Giitterlehr.
1182 2713 1193 2766 l
1212 2731 1239 2782 p.
1250 2714 1284 2766 95
1295 2730 1336 2782 sq.

186 2799 285 2855 Rohde
303 2802 320 2854 1.
340 2802 357 2855 1.
380 2819 408 2870 p.
428 2803 462 2854 24
482 2803 541 2870 sqi,
569 2800 825 2855 Alexandrinorum
843 2805 991 2869 poetarum
1019 2802 1184 2856 immodicae
1211 2801 1337 2871 fingendi

185 2889 317 2944 licentiae
335 2890 464 2957 equidem
482 2890 545 2959 plus
563 2889 696 2958 ponderis
714 2889 872 2951 tribuerim,
899 2907 984 2957 quam
1004 2888 1103 2943 Rohde
1122 2887 1180 2956 (1.1.
1193 2891 1337 2958 p.97sq.),

187 2978 235 3046 qni
254 2979 313 3047 ipse
332 2978 361 3030 iu
379 2977 606 3032 Hermesianacte
625 2984 655 3032 et
672 2978 854 3047 Euphorione
878 2981 976 3046 aperta
1001 2977 1131 3032 licentiae
1150 2977 1272 3047 vestigia
1291 2977 1337 3032 de·

185 3066 266 3121 texit.
303 3066 343 3120 De
360 3066 541 3135 Euphorione
559 3065 693 3144 Meinekii
719 3066 854 3120 iudicium
878 3067 967 3120 stabit
992 3083 1056 3120 enm
1082 3062 1200 3134 ‘passim
1227 3064 1337 3118 fabulas

185 3172 238 3224 pro
266 3173 316 3209 suo
343 3156 461 3209 arbitrio
489 3160 518 3209 et
546 3153 670 3210 consilio‘
699 3156 861 3209 immutasse
890 3155 954 3219 (1.1.
976 3173 1002 3224 p.
1024 3156 1071 3222 333
1100 3153 1135 3208 cf.
1155 3171 1182 3223 p.
1202 3155 1245 3208 55.
1269 3153 1339 3222 146).

186 3243 270 3297 Absit
288 3244 385 3314 igitur,
414 3249 446 3298 nt
465 3261 574 3314 semper
592 3261 626 3298 ex
646 3243 825 3311 Callimacho,
854 3243 902 3312 qni
925 3243 960 3298 de
979 3260 1007 3297 se
1026 3242 1171 3312 praedicat
1195 3242 1250 3318 ing.
1270 3243 1337 3295 442:

186 3325 343 3403 ἀμάρτυρον
362 3327 445 3386 οὐδὲν
462 3329 555 3401 ἀείδω,
575 3337 681 3387 ceteros
700 3333 862 3387 indicemus.

290 3424 299 3452 ²
317 3421 483 3490 Propertius
501 3422 536 3476 de
554 3421 645 3484 Tatio,
673 3422 721 3490 qui
740 3420 890 3491 Tarpeiam
910 3425 1064 3488 aversatur,
1092 3421 1169 3475 canit
1185 3437 1211 3472 v.
1230 3419 1265 3472 89
1283 3436 1337 3488 sq.:

336 3512 376 3564 At
394 3509 492 3565 Tatius
511 3512 612 3579 (neque
631 3511 704 3564 enim
723 3511 821 3564 sceleri
842 3510 921 3563 dedit
940 3509 1028 3564 hostis
1047 3508 1194 3576 honorem)

384 3595 483 3653 ‘nube'
506 3600 546 3654 ait
563 3598 607 3654 ‘et
625 3600 707 3670 regni
728 3599 829 3653 scande
848 3598 940 3653 cubile
958 3592 1037 3651 mei'.

338 3686 426 3754 Dixit,
446 3693 474 3742 et
493 3688 609 3758 ingestis
629 3689 761 3743 comitum
781 3705 864 3757 super
883 3687 979 3741 obruit
997 3685 1091 3740 armis.
1131 3661 1141 3683 χ

184 3770 211 3829 ‘0
229 3771 278 3840 τὴν
295 3780 408 3842 Λέσβου
427 3781 515 3829 κτίσιν
533 3771 650 3842 ποιήσας
678 3776 786 3844 (Parth.
804 3776 883 3844 XXI)
909 3775 1072 3842 Peisidicen,
1106 3790 1178 3842 qnae
1203 3777 1338 3840 tanquam

187 3958 256 4017 erat,
285 3958 399 4008 cantans
425 3953 564 4007 Achillem
593 3954 703 4023 puellae
735 3953 886 4007 conubium
917 3952 1104 4005 detestantem
1138 3949 1180 4002 his
1211 3947 1338 4002 versibus

187 4042 321 4097 celebrat:

817 4109 849 4164 ori
869 4111 893 4164 d’
913 4107 928 4165 t
947 4113 973 4182 γ’
992 4113 1089 4182 ἔμελλε

337 4200 369 4254 τὰ
392 4204 486 4273 ῥέξειν,
506 4198 577 4272 ὀλοῷ
596 4202 622 4254 δ’
642 4195 824 4269 ἔπαγασσατσ
843 4201 975 4270 πατρίδος
994 4205 1069 4269 σίτῳ·

339 4289 399 4345 ἕνθ’
418 4285 434 4355 ἦ
452 4289 479 4359 γ’
497 4284 640 4344 αἰνότατον
657 4283 751 4360 γάμον
769 4289 855 4342 εἴσιδε
874 4288 1013 4355 Πηλείδαο

330 4375 458 4448 Ἀργείων
479 4375 531 4430 ὑπὸ
548 4380 631 4448 χερσὶ
650 4371 839 4448 δυσάμμορος,
860 4381 889 4428 oI'
905 4393 955 4447 μιν
974 4377 1098 4446 ἔπεφνον

337 4467 474 4540 πανσυδίῃ
493 4467 646 4539 θαμινῇσιν
664 4460 832 4536 ἀράσσονιες
849 4458 1020 4518 λιθάδεσσιν.
