<?xml version="1.0" encoding="UTF-8"?>
<!DOCTYPE html PUBLIC "-//W3C//DTD XHTML 1.0 Transitional//EN"
    "http://www.w3.org/TR/xhtml1/DTD/xhtml1-transitional.dtd">
<html xmlns="http://www.w3.org/1999/xhtml" xml:lang="en" lang="en">
 <head>
  <title>
</title>
<meta http-equiv="Content-Type" content="text/html;charset=utf-8" />
  <meta name='ocr-system' content='tesseract 3.04.00' />
  <meta name='ocr-capabilities' content='ocr_page ocr_carea ocr_par ocr_line ocrx_word'/>
</head>
<body>
  <div class='ocr_page' id='page_1' title='image "./dehippolytiseur00kalkgoog_0061.png"; bbox 0 0 3154 5076; ppageno 0'>
   <div class='ocr_carea' id='block_1_1' title="bbox 801 379 837 432">
    <p class='ocr_par' dir='ltr' id='par_1_1' title="bbox 801 379 837 432">
     <span class='ocr_line' id='line_1_1' title="bbox 801 379 837 432; baseline 0 0"><span class='ocrx_word' id='word_1_1' title='bbox 801 379 837 432; x_wconf 80' lang='lat'><strong>48</strong></span> 
     </span>
    </p>
   </div>
   <div class='ocr_carea' id='block_1_2' title="bbox 243 543 1448 3468">
    <p class='ocr_par' dir='ltr' id='par_1_2' title="bbox 243 543 1448 3162">
     <span class='ocr_line' id='line_1_2' title="bbox 246 543 1394 636; baseline -0.01 -14"><span class='ocrx_word' id='word_1_2' title='bbox 246 556 302 634; x_wconf 88' lang='lat' dir='ltr'><strong>est,</strong></span> <span class='ocrx_word' id='word_1_3' title='bbox 338 572 392 636; x_wconf 90' lang='lat' dir='ltr'><strong>pro</strong></span> <span class='ocrx_word' id='word_1_4' title='bbox 415 550 525 617; x_wconf 91' lang='lat' dir='ltr'><strong>iudicii</strong></span> <span class='ocrx_word' id='word_1_5' title='bbox 546 567 655 616; x_wconf 88' lang='lat' dir='ltr'><strong>norma</strong></span> <span class='ocrx_word' id='word_1_6' title='bbox 677 548 822 628; x_wconf 80' lang='lat' dir='ltr'><strong>tenueris,</strong></span> <span class='ocrx_word' id='word_1_7' title='bbox 854 549 886 614; x_wconf 93' lang='lat' dir='ltr'><strong>in</strong></span> <span class='ocrx_word' id='word_1_8' title='bbox 909 548 1012 615; x_wconf 88' lang='lat' dir='ltr'><strong>media</strong></span> <span class='ocrx_word' id='word_1_9' title='bbox 1034 547 1140 614; x_wconf 86' lang='lat' dir='ltr'><strong>fabula</strong></span> <span class='ocrx_word' id='word_1_10' title='bbox 1162 546 1284 612; x_wconf 90' lang='lat' dir='ltr'><strong>nullum</strong></span> <span class='ocrx_word' id='word_1_11' title='bbox 1305 543 1394 610; x_wconf 88' lang='lat' dir='ltr'><strong>invc-</strong></span> 
     </span>
     <span class='ocr_line' id='line_1_3' title="bbox 246 648 1393 734; baseline -0.008 -13"><span class='ocrx_word' id='word_1_12' title='bbox 246 656 320 721; x_wconf 83' lang='lat' dir='ltr'><strong>nias.</strong></span> <span class='ocrx_word' id='word_1_13' title='bbox 374 653 543 734; x_wconf 87' lang='lat' dir='ltr'><strong>Prologum</strong></span> <span class='ocrx_word' id='word_1_14' title='bbox 577 652 682 716; x_wconf 86' lang='lat' dir='ltr'><strong>autem</strong></span> <span class='ocrx_word' id='word_1_15' title='bbox 716 651 865 716; x_wconf 80' lang='lat' dir='ltr'><strong>Venerem</strong></span> <span class='ocrx_word' id='word_1_16' title='bbox 897 648 963 714; x_wconf 93' lang='lat' dir='ltr'><strong>illic</strong></span> <span class='ocrx_word' id='word_1_17' title='bbox 996 667 1118 732; x_wconf 87' lang='lat' dir='ltr'><strong>quoque</strong></span> <span class='ocrx_word' id='word_1_18' title='bbox 1153 649 1291 714; x_wconf 86' lang='lat' dir='ltr'><strong>locutam</strong></span> <span class='ocrx_word' id='word_1_19' title='bbox 1330 665 1393 714; x_wconf 90' lang='lat' dir='ltr'><strong>esse</strong></span> 
     </span>
     <span class='ocr_line' id='line_1_4' title="bbox 246 747 1392 840; baseline -0.009 -19"><span class='ocrx_word' id='word_1_20' title='bbox 246 756 364 840; x_wconf 90' lang='lat' dir='ltr'><strong>peritus</strong></span> <span class='ocrx_word' id='word_1_21' title='bbox 386 754 516 837; x_wconf 89' lang='lat' dir='ltr'><strong>quisque</strong></span> <span class='ocrx_word' id='word_1_22' title='bbox 537 771 607 816; x_wconf 92' lang='lat' dir='ltr'><strong>cum</strong></span> <span class='ocrx_word' id='word_1_23' title='bbox 632 750 792 816; x_wconf 89' lang='lat' dir='ltr'><strong>Welckero</strong></span> <span class='ocrx_word' id='word_1_24' title='bbox 816 750 989 816; x_wconf 77' lang='lat' dir='ltr'><strong>concludet.</strong></span> <span class='ocrx_word' id='word_1_25' title='bbox 1034 750 1144 814; x_wconf 78' lang='lat' dir='ltr'><strong>Restat</strong></span> <span class='ocrx_word' id='word_1_26' title='bbox 1166 748 1236 814; x_wconf 90' lang='lat' dir='ltr'><strong>finis</strong></span> <span class='ocrx_word' id='word_1_27' title='bbox 1259 747 1392 826; x_wconf 84' lang='lat' dir='ltr'><strong>fabulae,</strong></span> 
     </span>
     <span class='ocr_line' id='line_1_5' title="bbox 245 843 1392 940; baseline -0.01 -18"><span class='ocrx_word' id='word_1_28' title='bbox 245 857 283 922; x_wconf 92' lang='lat' dir='ltr'><strong>de</strong></span> <span class='ocrx_word' id='word_1_29' title='bbox 305 875 366 940; x_wconf 88' lang='lat' dir='ltr'><strong>quo</strong></span> <span class='ocrx_word' id='word_1_30' title='bbox 387 855 472 921; x_wconf 86' lang='lat' dir='ltr'><strong>Jahn</strong></span> <span class='ocrx_word' id='word_1_31' title='bbox 494 852 528 932; x_wconf 87' lang='lat'><strong>(1.</strong></span> <span class='ocrx_word' id='word_1_32' title='bbox 552 849 587 934; x_wconf 89' lang='grc'><strong>1.)</strong></span> <span class='ocrx_word' id='word_1_33' title='bbox 612 843 775 935; x_wconf 84' lang='lat' dir='ltr'><strong>cogitarit,</strong></span> <span class='ocrx_word' id='word_1_34' title='bbox 809 869 906 934; x_wconf 89' lang='lat' dir='ltr'><strong>neque</strong></span> <span class='ocrx_word' id='word_1_35' title='bbox 936 849 1003 915; x_wconf 90' lang='lat' dir='ltr'><strong>illic</strong></span> <span class='ocrx_word' id='word_1_36' title='bbox 1037 849 1135 915; x_wconf 88' lang='lat' dir='ltr'><strong>alium</strong></span> <span class='ocrx_word' id='word_1_37' title='bbox 1168 850 1271 914; x_wconf 90' lang='lat' dir='ltr'><strong>locum</strong></span> <span class='ocrx_word' id='word_1_38' title='bbox 1293 848 1392 925; x_wconf 87' lang='lat' dir='ltr'><strong>video,</strong></span> 
     </span>
     <span class='ocr_line' id='line_1_6' title="bbox 245 948 1394 1039; baseline -0.009 -17"><span class='ocrx_word' id='word_1_39' title='bbox 245 958 306 1022; x_wconf 91' lang='lat' dir='ltr'><strong>nisi</strong></span> <span class='ocrx_word' id='word_1_40' title='bbox 328 975 389 1039; x_wconf 90' lang='lat' dir='ltr'><strong>quo</strong></span> <span class='ocrx_word' id='word_1_41' title='bbox 411 957 514 1020; x_wconf 89' lang='lat' dir='ltr'><strong>Diana</strong></span> <span class='ocrx_word' id='word_1_42' title='bbox 539 953 698 1019; x_wconf 79' lang='lat' dir='ltr'><strong>Phaedrae</strong></span> <span class='ocrx_word' id='word_1_43' title='bbox 720 953 832 1018; x_wconf 81' lang='lat' dir='ltr'><strong>falsam</strong></span> <span class='ocrx_word' id='word_1_44' title='bbox 855 951 1082 1017; x_wconf 81' lang='lat' dir='ltr'><strong>accusationem</strong></span> <span class='ocrx_word' id='word_1_45' title='bbox 1104 950 1231 1016; x_wconf 85' lang='lat' dir='ltr'><strong>revelat.</strong></span> <span class='ocrx_word' id='word_1_46' title='bbox 1265 949 1324 1014; x_wconf 87' lang='lat' dir='ltr'><strong>Sed</strong></span> <span class='ocrx_word' id='word_1_47' title='bbox 1343 948 1394 1013; x_wconf 87' lang='lat' dir='ltr'><strong>cui</strong></span> 
     </span>
     <span class='ocr_line' id='line_1_7' title="bbox 246 1053 1393 1140; baseline -0.007 -16"><span class='ocrx_word' id='word_1_48' title='bbox 246 1061 348 1124; x_wconf 90' lang='lat' dir='ltr'><strong>Diana</strong></span> <span class='ocrx_word' id='word_1_49' title='bbox 363 1056 494 1122; x_wconf 89' lang='lat' dir='ltr'><strong>crimina</strong></span> <span class='ocrx_word' id='word_1_50' title='bbox 509 1055 610 1140; x_wconf 91' lang='lat' dir='ltr'><strong>aperit</strong></span> <span class='ocrx_word' id='word_1_51' title='bbox 625 1055 683 1119; x_wconf 90' lang='lat' dir='ltr'><strong>nisi</strong></span> <span class='ocrx_word' id='word_1_52' title='bbox 696 1055 822 1132; x_wconf 80' lang='lat' dir='ltr'><strong>Theseo,</strong></span> <span class='ocrx_word' id='word_1_53' title='bbox 845 1053 896 1118; x_wconf 92' lang='lat' dir='ltr'><strong>cui</strong></span> <span class='ocrx_word' id='word_1_54' title='bbox 911 1071 1173 1135; x_wconf 86' lang='lat' dir='ltr'><strong>supervacaneum</strong></span> <span class='ocrx_word' id='word_1_55' title='bbox 1190 1053 1257 1118; x_wconf 88' lang='lat' dir='ltr'><strong>erat</strong></span> <span class='ocrx_word' id='word_1_56' title='bbox 1272 1054 1393 1134; x_wconf 90' lang='lat' dir='ltr'><strong>copiose</strong></span> 
     </span>
     <span class='ocr_line' id='line_1_8' title="bbox 246 1155 1393 1237; baseline -0.003 -13"><span class='ocrx_word' id='word_1_57' title='bbox 246 1159 366 1226; x_wconf 89' lang='lat' dir='ltr'><strong>narrari</strong></span> <span class='ocrx_word' id='word_1_58' title='bbox 378 1156 553 1222; x_wconf 84' lang='lat' dir='ltr'><strong>Phaedram</strong></span> <span class='ocrx_word' id='word_1_59' title='bbox 565 1156 597 1220; x_wconf 91' lang='lat' dir='ltr'><strong>in</strong></span> <span class='ocrx_word' id='word_1_60' title='bbox 611 1175 681 1220; x_wconf 89' lang='lat' dir='ltr'><strong>arce</strong></span> <span class='ocrx_word' id='word_1_61' title='bbox 692 1156 804 1222; x_wconf 86' lang='lat' dir='ltr'><strong>Ven&#39;eri</strong></span> <span class='ocrx_word' id='word_1_62' title='bbox 815 1155 964 1237; x_wconf 90' lang='lat' dir='ltr'><strong>templum</strong></span> <span class='ocrx_word' id='word_1_63' title='bbox 976 1158 1192 1220; x_wconf 80' lang='lat' dir='ltr'><strong>consecrasse?</strong></span> <span class='ocrx_word' id='word_1_64' title='bbox 1207 1155 1393 1220; x_wconf 84' lang='lat' dir='ltr'><strong>Desinemus</strong></span> 
     </span>
     <span class='ocr_line' id='line_1_9' title="bbox 243 1254 1392 1346; baseline -0.006 -20"><span class='ocrx_word' id='word_1_65' title='bbox 243 1262 344 1346; x_wconf 87' lang='lat' dir='ltr'><strong>igitur</strong></span> <span class='ocrx_word' id='word_1_66' title='bbox 365 1259 501 1324; x_wconf 89' lang='lat' dir='ltr'><strong>elumbes</strong></span> <span class='ocrx_word' id='word_1_67' title='bbox 523 1257 578 1322; x_wconf 91' lang='lat' dir='ltr'><strong>hos</strong></span> <span class='ocrx_word' id='word_1_68' title='bbox 599 1276 714 1335; x_wconf 87' lang='lat' dir='ltr'><strong>versus,</strong></span> <span class='ocrx_word' id='word_1_69' title='bbox 736 1274 813 1340; x_wconf 91' lang='lat' dir='ltr'><strong>quos</strong></span> <span class='ocrx_word' id='word_1_70' title='bbox 833 1256 995 1337; x_wconf 91' lang='lat' dir='ltr'><strong>imperitus</strong></span> <span class='ocrx_word' id='word_1_71' title='bbox 1010 1254 1202 1321; x_wconf 83' lang='lat' dir='ltr'><strong>versificator</strong></span> <span class='ocrx_word' id='word_1_72' title='bbox 1215 1257 1359 1340; x_wconf 91' lang='lat' dir='ltr'><strong>procudit</strong></span> <span class='ocrx_word' id='word_1_73' title='bbox 1371 1259 1392 1336; x_wconf 86' lang='lat'><strong>¹,</strong></span> 
     </span>
     <span class='ocr_line' id='line_1_10' title="bbox 244 1356 1393 1444; baseline -0.003 -18"><span class='ocrx_word' id='word_1_74' title='bbox 244 1360 387 1444; x_wconf 83' lang='lat' dir='ltr'><strong>Euripidi</strong></span> <span class='ocrx_word' id='word_1_75' title='bbox 407 1359 555 1436; x_wconf 80' lang='lat' dir='ltr'><strong>tribuere,</strong></span> <span class='ocrx_word' id='word_1_76' title='bbox 590 1357 772 1439; x_wconf 88' lang='lat' dir='ltr'><strong>praesertim</strong></span> <span class='ocrx_word' id='word_1_77' title='bbox 801 1374 871 1421; x_wconf 90' lang='lat' dir='ltr'><strong>curn</strong></span> <span class='ocrx_word' id='word_1_78' title='bbox 899 1376 1002 1420; x_wconf 86' lang='lat' dir='ltr'><strong>eorum</strong></span> <span class='ocrx_word' id='word_1_79' title='bbox 1030 1356 1230 1438; x_wconf 86' lang='lat' dir='ltr'><strong>interpolatio</strong></span> <span class='ocrx_word' id='word_1_80' title='bbox 1257 1359 1324 1422; x_wconf 91' lang='lat' dir='ltr'><strong>tam</strong></span> <span class='ocrx_word' id='word_1_81' title='bbox 1346 1357 1393 1422; x_wconf 85' lang='lat' dir='ltr'><strong>fa·</strong></span> 
     </span>
     <span class='ocr_line' id='line_1_11' title="bbox 246 1456 1392 1543; baseline -0.003 -15"><span class='ocrx_word' id='word_1_82' title='bbox 246 1462 334 1528; x_wconf 87' lang='lat' dir='ltr'><strong>cilcm</strong></span> <span class='ocrx_word' id='word_1_83' title='bbox 359 1460 545 1543; x_wconf 82' lang='lat' dir='ltr'><strong>explicatum</strong></span> <span class='ocrx_word' id='word_1_84' title='bbox 556 1459 705 1536; x_wconf 81' lang='lat' dir='ltr'><strong>inveniat,</strong></span> <span class='ocrx_word' id='word_1_85' title='bbox 722 1475 817 1541; x_wconf 89' lang='lat' dir='ltr'><strong>quam</strong></span> <span class='ocrx_word' id='word_1_86' title='bbox 833 1457 942 1522; x_wconf 84' lang='lat' dir='ltr'><strong>vellem</strong></span> <span class='ocrx_word' id='word_1_87' title='bbox 960 1458 1064 1522; x_wconf 91' lang='lat' dir='ltr'><strong>omnia</strong></span> <span class='ocrx_word' id='word_1_88' title='bbox 1079 1456 1256 1521; x_wconf 92' lang='lat' dir='ltr'><strong>huiusmodi</strong></span> <span class='ocrx_word' id='word_1_89' title='bbox 1272 1457 1392 1524; x_wconf 86' lang='lat' dir='ltr'><strong>menda.</strong></span> 
     </span>
     <span class='ocr_line' id='line_1_12' title="bbox 245 1557 1448 1640; baseline -0.006 -11"><span class='ocrx_word' id='word_1_90' title='bbox 245 1563 367 1630; x_wconf 85' lang='lat' dir='ltr'><strong>Scimus</strong></span> <span class='ocrx_word' id='word_1_91' title='bbox 389 1562 470 1626; x_wconf 91' lang='lat' dir='ltr'><strong>enim</strong></span> <span class='ocrx_word' id='word_1_92' title='bbox 493 1559 612 1625; x_wconf 90' lang='lat' dir='ltr'><strong>cultum</strong></span> <span class='ocrx_word' id='word_1_93' title='bbox 633 1561 739 1624; x_wconf 88' lang='lat' dir='ltr'><strong>nostro</strong></span> <span class='ocrx_word' id='word_1_94' title='bbox 764 1559 832 1623; x_wconf 90' lang='lat' dir='ltr'><strong>loco</strong></span> <span class='ocrx_word' id='word_1_95' title='bbox 855 1557 1065 1640; x_wconf 83' lang='lat' dir='ltr'><strong>significatum</strong></span> <span class='ocrx_word' id='word_1_96' title='bbox 1089 1557 1246 1622; x_wconf 86' lang='lat' dir='ltr'><strong>novicium</strong></span> <span class='ocrx_word' id='word_1_97' title='bbox 1268 1557 1391 1623; x_wconf 79' lang='lat' dir='ltr'><strong>fuisse².</strong></span> <span class='ocrx_word' id='word_1_98' title='bbox 1446 1595 1448 1601; x_wconf 69' lang='lat'>,</span> 
     </span>
     <span class='ocr_line' id='line_1_13' title="bbox 245 1659 1389 1758; baseline -0.005 -29"><span class='ocrx_word' id='word_1_99' title='bbox 245 1665 326 1747; x_wconf 79' lang='lat' dir='ltr'><strong>Quid</strong></span> <span class='ocrx_word' id='word_1_100' title='bbox 348 1663 447 1748; x_wconf 85' lang='lat' dir='ltr'><strong>igitur</strong></span> <span class='ocrx_word' id='word_1_101' title='bbox 479 1663 581 1758; x_wconf 78' lang='lat' dir='ltr'><strong>magis</strong></span> <span class='ocrx_word' id='word_1_102' title='bbox 611 1659 778 1726; x_wconf 77' lang='lat' dir='ltr'><strong>uerisimile</strong></span> <span class='ocrx_word' id='word_1_103' title='bbox 805 1660 861 1733; x_wconf 90' lang='lat' dir='ltr'><strong>est,</strong></span> <span class='ocrx_word' id='word_1_104' title='bbox 889 1679 982 1742; x_wconf 88' lang='lat' dir='ltr'><strong>quam</strong></span> <span class='ocrx_word' id='word_1_105' title='bbox 1010 1659 1176 1724; x_wconf 87' lang='lat' dir='ltr'><strong>histriones</strong></span> <span class='ocrx_word' id='word_1_106' title='bbox 1200 1659 1389 1724; x_wconf 89' lang='lat' dir='ltr'><strong>occasionem</strong></span> 
     </span>
     <span class='ocr_line' id='line_1_14' title="bbox 244 1760 1392 1849; baseline -0.005 -18"><span class='ocrx_word' id='word_1_107' title='bbox 244 1768 353 1849; x_wconf 88' lang='lat' dir='ltr'><strong>sponte</strong></span> <span class='ocrx_word' id='word_1_108' title='bbox 365 1764 502 1830; x_wconf 88' lang='lat' dir='ltr'><strong>oblatam</strong></span> <span class='ocrx_word' id='word_1_109' title='bbox 514 1762 692 1828; x_wconf 88' lang='lat' dir='ltr'><strong>avidissime</strong></span> <span class='ocrx_word' id='word_1_110' title='bbox 700 1762 854 1843; x_wconf 83' lang='lat' dir='ltr'><strong>amplexos</strong></span> <span class='ocrx_word' id='word_1_111' title='bbox 863 1780 935 1840; x_wconf 89' lang='lat' dir='ltr'><strong>esse,</strong></span> <span class='ocrx_word' id='word_1_112' title='bbox 947 1762 982 1825; x_wconf 91' lang='lat' dir='ltr'><strong>ut</strong></span> <span class='ocrx_word' id='word_1_113' title='bbox 992 1760 1199 1843; x_wconf 87' lang='lat' dir='ltr'><strong>spectantium</strong></span> <span class='ocrx_word' id='word_1_114' title='bbox 1211 1778 1299 1824; x_wconf 90' lang='lat' dir='ltr'><strong>aures</strong></span> <span class='ocrx_word' id='word_1_115' title='bbox 1308 1760 1392 1825; x_wconf 89' lang='lat' dir='ltr'><strong>tecta</strong></span> 
     </span>
     <span class='ocr_line' id='line_1_15' title="bbox 244 1859 1391 1947; baseline -0.007 -14"><span class='ocrx_word' id='word_1_116' title='bbox 244 1869 336 1933; x_wconf 93' lang='lat' dir='ltr'><strong>huius</strong></span> <span class='ocrx_word' id='word_1_117' title='bbox 352 1866 455 1930; x_wconf 89' lang='lat' dir='ltr'><strong>cultus</strong></span> <span class='ocrx_word' id='word_1_118' title='bbox 470 1862 698 1947; x_wconf 85' lang='lat' dir='ltr'><strong>significatione</strong></span> <span class='ocrx_word' id='word_1_119' title='bbox 712 1861 894 1942; x_wconf 89' lang='lat' dir='ltr'><strong>titillarent;</strong></span> <span class='ocrx_word' id='word_1_120' title='bbox 917 1881 989 1926; x_wconf 90' lang='lat' dir='ltr'><strong>nam</strong></span> <span class='ocrx_word' id='word_1_121' title='bbox 1004 1859 1156 1927; x_wconf 84' lang='lat' dir='ltr'><strong>Graecum</strong></span> <span class='ocrx_word' id='word_1_122' title='bbox 1168 1861 1282 1944; x_wconf 82' lang='lat' dir='ltr'><strong>vulgus</strong></span> <span class='ocrx_word' id='word_1_123' title='bbox 1294 1861 1391 1927; x_wconf 91' lang='lat' dir='ltr'><strong>omni·</strong></span> 
     </span>
     <span class='ocr_line' id='line_1_16' title="bbox 245 1963 1391 2049; baseline -0.004 -15"><span class='ocrx_word' id='word_1_124' title='bbox 245 1970 301 2034; x_wconf 92' lang='lat' dir='ltr'><strong>bus</strong></span> <span class='ocrx_word' id='word_1_125' title='bbox 312 1966 511 2049; x_wconf 86' lang='lat' dir='ltr'><strong>temporibus,</strong></span> <span class='ocrx_word' id='word_1_126' title='bbox 525 1984 585 2031; x_wconf 94' lang='lat' dir='ltr'><strong>non</strong></span> <span class='ocrx_word' id='word_1_127' title='bbox 594 1965 1002 2030; x_wconf 80' lang='lat' dir='ltr'><strong>Alexandrinorumdemum</strong></span> <span class='ocrx_word' id='word_1_128' title='bbox 1014 1963 1127 2043; x_wconf 87' lang='lat' dir='ltr'><strong>aetate,</strong></span> <span class='ocrx_word' id='word_1_129' title='bbox 1134 1984 1195 2047; x_wconf 90' lang='lat' dir='ltr'><strong>qua</strong></span> <span class='ocrx_word' id='word_1_130' title='bbox 1201 1964 1391 2029; x_wconf 89' lang='lat' dir='ltr'><strong>litteratores</strong></span> 
     </span>
     <span class='ocr_line' id='line_1_17' title="bbox 244 2063 1392 2150; baseline -0.003 -15"><span class='ocrx_word' id='word_1_131' title='bbox 244 2069 426 2135; x_wconf 88' lang='lat' dir='ltr'><strong>umbratiles</strong></span> <span class='ocrx_word' id='word_1_132' title='bbox 446 2069 479 2132; x_wconf 92' lang='lat' dir='ltr'><strong>in</strong></span> <span class='ocrx_word' id='word_1_133' title='bbox 501 2067 548 2132; x_wconf 89' lang='lat' dir='ltr'><strong>his</strong></span> <span class='ocrx_word' id='word_1_134' title='bbox 569 2068 660 2131; x_wconf 90' lang='lat' dir='ltr'><strong>rebus</strong></span> <span class='ocrx_word' id='word_1_135' title='bbox 681 2067 806 2150; x_wconf 87' lang='lat' dir='ltr'><strong>ingenia</strong></span> <span class='ocrx_word' id='word_1_136' title='bbox 828 2067 1036 2146; x_wconf 81' lang='lat' dir='ltr'><strong>exercuerunt,</strong></span> <span class='ocrx_word' id='word_1_137' title='bbox 1070 2063 1183 2130; x_wconf 82' lang='grc' dir='ltr'><strong><em>αἰτίαν</em></strong></span> <span class='ocrx_word' id='word_1_138' title='bbox 1213 2067 1392 2133; x_wconf 88' lang='lat' dir='ltr'><strong>amantissi-</strong></span> 
     </span>
     <span class='ocr_line' id='line_1_18' title="bbox 244 2167 1391 2252; baseline 0.001 -16"><span class='ocrx_word' id='word_1_139' title='bbox 244 2191 330 2236; x_wconf 92' lang='lat' dir='ltr'><strong>mum</strong></span> <span class='ocrx_word' id='word_1_140' title='bbox 352 2170 428 2235; x_wconf 86' lang='lat' dir='ltr'><strong>erat.</strong></span> <span class='ocrx_word' id='word_1_141' title='bbox 464 2167 588 2232; x_wconf 81' lang='lat' dir='ltr'><strong>Etenim</strong></span> <span class='ocrx_word' id='word_1_142' title='bbox 611 2168 687 2233; x_wconf 90' lang='lat' dir='ltr'><strong>satis</strong></span> <span class='ocrx_word' id='word_1_143' title='bbox 709 2167 838 2249; x_wconf 90' lang='lat' dir='ltr'><strong>antiquo</strong></span> <span class='ocrx_word' id='word_1_144' title='bbox 860 2169 997 2250; x_wconf 90' lang='lat' dir='ltr'><strong>tempore</strong></span> <span class='ocrx_word' id='word_1_145' title='bbox 1018 2168 1099 2233; x_wconf 90' lang='lat' dir='ltr'><strong>hanc</strong></span> <span class='ocrx_word' id='word_1_146' title='bbox 1120 2169 1391 2252; x_wconf 86' lang='lat' dir='ltr'><strong>interpolationem</strong></span> 
     </span>
     <span class='ocr_line' id='line_1_19' title="bbox 243 2267 1390 2354; baseline 0.001 -18"><span class='ocrx_word' id='word_1_147' title='bbox 243 2273 276 2336; x_wconf 93' lang='lat' dir='ltr'><strong>in</strong></span> <span class='ocrx_word' id='word_1_148' title='bbox 302 2268 488 2338; x_wconf 89' lang='lat' dir='ltr'><strong>editionibus</strong></span> <span class='ocrx_word' id='word_1_149' title='bbox 514 2269 665 2334; x_wconf 88' lang='lat' dir='ltr'><strong>sancitam</strong></span> <span class='ocrx_word' id='word_1_150' title='bbox 693 2287 758 2333; x_wconf 86' lang='lat' dir='ltr'><strong>esse</strong></span> <span class='ocrx_word' id='word_1_151' title='bbox 790 2269 937 2334; x_wconf 90' lang='lat' dir='ltr'><strong>historiae</strong></span> <span class='ocrx_word' id='word_1_152' title='bbox 959 2267 1111 2334; x_wconf 79' lang='lat' dir='ltr'><strong>fabularis</strong></span> <span class='ocrx_word' id='word_1_153' title='bbox 1133 2272 1313 2354; x_wconf 87' lang='lat' dir='ltr'><strong>compendia</strong></span> <span class='ocrx_word' id='word_1_154' title='bbox 1335 2271 1390 2337; x_wconf 93' lang='lat' dir='ltr'><strong>do·</strong></span> 
     </span>
     <span class='ocr_line' id='line_1_20' title="bbox 244 2371 1389 2456; baseline -0.002 -18"><span class='ocrx_word' id='word_1_155' title='bbox 244 2374 387 2438; x_wconf 90' lang='lat' dir='ltr'><strong>cumeuto</strong></span> <span class='ocrx_word' id='word_1_156' title='bbox 415 2371 498 2450; x_wconf 89' lang='lat' dir='ltr'><strong>sunt,</strong></span> <span class='ocrx_word' id='word_1_157' title='bbox 527 2371 633 2452; x_wconf 90' lang='lat' dir='ltr'><strong>utpote</strong></span> <span class='ocrx_word' id='word_1_158' title='bbox 662 2388 742 2453; x_wconf 87' lang='lat' dir='ltr'><strong>quac</strong></span> <span class='ocrx_word' id='word_1_159' title='bbox 770 2372 910 2435; x_wconf 89' lang='lat' dir='ltr'><strong>nostrum</strong></span> <span class='ocrx_word' id='word_1_160' title='bbox 937 2371 1101 2454; x_wconf 84' lang='lat' dir='ltr'><strong>prologum</strong></span> <span class='ocrx_word' id='word_1_161' title='bbox 1123 2390 1159 2437; x_wconf 90' lang='lat' dir='ltr'><strong>oo</strong></span> <span class='ocrx_word' id='word_1_162' title='bbox 1181 2372 1296 2447; x_wconf 81' lang='lat' dir='ltr'><strong>ordine,</strong></span> <span class='ocrx_word' id='word_1_163' title='bbox 1329 2391 1389 2456; x_wconf 86' lang='lat' dir='ltr'><strong>quo</strong></span> 
     </span>
     <span class='ocr_line' id='line_1_21' title="bbox 244 2472 1389 2556; baseline -0.002 -18"><span class='ocrx_word' id='word_1_164' title='bbox 244 2493 326 2538; x_wconf 91' lang='lat' dir='ltr'><strong>nunc</strong></span> <span class='ocrx_word' id='word_1_165' title='bbox 346 2473 473 2556; x_wconf 79' lang='lat' dir='ltr'><strong>legitur,</strong></span> <span class='ocrx_word' id='word_1_166' title='bbox 497 2491 557 2536; x_wconf 91' lang='lat' dir='ltr'><strong>non</strong></span> <span class='ocrx_word' id='word_1_167' title='bbox 581 2472 716 2554; x_wconf 90' lang='lat' dir='ltr'><strong>quinque</strong></span> <span class='ocrx_word' id='word_1_168' title='bbox 738 2472 862 2536; x_wconf 90' lang='lat' dir='ltr'><strong>tantum</strong></span> <span class='ocrx_word' id='word_1_169' title='bbox 885 2490 990 2536; x_wconf 88' lang='lat' dir='ltr'><strong>versus</strong></span> <span class='ocrx_word' id='word_1_170' title='bbox 1006 2472 1214 2554; x_wconf 87' lang='lat' dir='ltr'><strong>compilariut.</strong></span> <span class='ocrx_word' id='word_1_171' title='bbox 1227 2509 1264 2518; x_wconf 89' lang='lat'>—</span> <span class='ocrx_word' id='word_1_172' title='bbox 1278 2472 1389 2538; x_wconf 87' lang='lat' dir='ltr'><strong>Nescio</strong></span> 
     </span>
     <span class='ocr_line' id='line_1_22' title="bbox 244 2572 1390 2656; baseline -0.001 -17"><span class='ocrx_word' id='word_1_173' title='bbox 244 2577 359 2653; x_wconf 85' lang='lat' dir='ltr'><strong>autem,</strong></span> <span class='ocrx_word' id='word_1_174' title='bbox 394 2594 433 2639; x_wconf 91' lang='lat' dir='ltr'><strong>an</strong></span> <span class='ocrx_word' id='word_1_175' title='bbox 463 2572 502 2638; x_wconf 89' lang='lat' dir='ltr'><strong>ad</strong></span> <span class='ocrx_word' id='word_1_176' title='bbox 526 2573 620 2637; x_wconf 90' lang='lat' dir='ltr'><strong>alium</strong></span> <span class='ocrx_word' id='word_1_177' title='bbox 655 2574 813 2655; x_wconf 88' lang='lat' dir='ltr'><strong>praeterea</strong></span> <span class='ocrx_word' id='word_1_178' title='bbox 845 2573 966 2656; x_wconf 84' lang='lat' dir='ltr'><strong>prologi</strong></span> <span class='ocrx_word' id='word_1_179' title='bbox 999 2572 1101 2638; x_wconf 90' lang='lat' dir='ltr'><strong>locum</strong></span> <span class='ocrx_word' id='word_1_180' title='bbox 1128 2572 1326 2655; x_wconf 81' lang='lat' dir='ltr'><strong>Asclepiades</strong></span> <span class='ocrx_word' id='word_1_181' title='bbox 1358 2591 1390 2638; x_wconf 92' lang='lat' dir='ltr'><strong>se</strong></span> 
     </span>
     <span class='ocr_line' id='line_1_23' title="bbox 244 2668 1390 2761; baseline -0.001 -22"><span class='ocrx_word' id='word_1_182' title='bbox 244 2675 363 2758; x_wconf 83' lang='lat' dir='ltr'><strong>pararit</strong></span> <span class='ocrx_word' id='word_1_183' title='bbox 385 2693 532 2739; x_wconf 83' lang='lat' dir='ltr'><strong>narrans:</strong></span> <span class='ocrx_word' id='word_1_184' title='bbox 554 2670 622 2738; x_wconf 71' lang='lat' dir='ltr'><strong>lde</strong></span> <span class='ocrx_word' id='word_1_185' title='bbox 637 2673 690 2753; x_wconf 87' lang='lat' dir='ltr'><strong>(sc.</strong></span> <span class='ocrx_word' id='word_1_186' title='bbox 710 2671 848 2759; x_wconf 74' lang='grc' dir='ltr'><strong><em>Θησεύς)</em></strong></span> <span class='ocrx_word' id='word_1_187' title='bbox 875 2677 975 2756; x_wconf 84' lang='grc' dir='ltr'><strong><em>τριιῦν</em></strong></span> <span class='ocrx_word' id='word_1_188' title='bbox 997 2668 1042 2752; x_wconf 79' lang='grc' dir='ltr'><strong>οῖς</strong></span> <span class='ocrx_word' id='word_1_189' title='bbox 1067 2697 1167 2761; x_wconf 83' lang='grc' dir='ltr'><strong><em>φασιν</em></strong></span> <span class='ocrx_word' id='word_1_190' title='bbox 1189 2675 1279 2760; x_wconf 72' lang='grc' dir='ltr'><strong><em>αὐτῷ</em></strong></span> <span class='ocrx_word' id='word_1_191' title='bbox 1302 2669 1390 2758; x_wconf 83' lang='grc' dir='ltr'><strong><em>παρὰ</em></strong></span> 
     </span>
     <span class='ocr_line' id='line_1_24' title="bbox 243 2764 1389 2862; baseline 0.003 -22"><span class='ocrx_word' id='word_1_192' title='bbox 243 2775 302 2840; x_wconf 82' lang='grc' dir='ltr'><strong>τοῦ</strong></span> <span class='ocrx_word' id='word_1_193' title='bbox 329 2775 540 2850; x_wconf 82' lang='grc' dir='ltr'><strong><em>Ποσειδῶνος</em></strong></span> <span class='ocrx_word' id='word_1_194' title='bbox 562 2764 668 2856; x_wconf 70' lang='lat' dir='ltr'><strong>cdxciv</strong></span> <span class='ocrx_word' id='word_1_195' title='bbox 692 2767 799 2841; x_wconf 72' lang='grc' dir='ltr'><strong><em>οὕσαῖν</em></strong></span> <span class='ocrx_word' id='word_1_196' title='bbox 822 2765 1106 2860; x_wconf 73' lang='grc' dir='ltr'><strong>ιῖιιίνλογι,ῖσαντος8</strong></span> <span class='ocrx_word' id='word_1_197' title='bbox 1128 2770 1179 2841; x_wconf 82' lang='grc' dir='ltr'><strong>ὅτι</strong></span> <span class='ocrx_word' id='word_1_198' title='bbox 1201 2769 1240 2838; x_wconf 77' lang='lat' dir='ltr'><strong>dv</strong></span> <span class='ocrx_word' id='word_1_199' title='bbox 1262 2777 1389 2862; x_wconf 80' lang='grc' dir='ltr'><strong><em>εὔξηται</em></strong></span> 
     </span>
     <span class='ocr_line' id='line_1_25' title="bbox 243 2870 1387 2968; baseline 0.001 -26"><span class='ocrx_word' id='word_1_200' title='bbox 243 2874 453 2954; x_wconf 79' lang='grc' dir='ltr'><strong><em>συντελέσειν,</em></strong></span> <span class='ocrx_word' id='word_1_201' title='bbox 485 2870 663 2954; x_wconf 74' lang='grc' dir='ltr'><strong><em>πιστεύσας</em></strong></span> <span class='ocrx_word' id='word_1_202' title='bbox 685 2878 723 2966; x_wconf 72' lang='grc' dir='ltr'><strong>τῇ</strong></span> <span class='ocrx_word' id='word_1_203' title='bbox 750 2876 877 2966; x_wconf 77' lang='grc' dir='ltr'><strong><em>Φαίὸρᾳ</em></strong></span> <span class='ocrx_word' id='word_1_204' title='bbox 900 2876 978 2960; x_wconf 80' lang='grc' dir='ltr'><strong><em>μίαν</em></strong></span> <span class='ocrx_word' id='word_1_205' title='bbox 999 2872 1125 2942; x_wconf 79' lang='grc' dir='ltr'><strong><em>τούτων</em></strong></span> <span class='ocrx_word' id='word_1_206' title='bbox 1146 2873 1287 2968; x_wconf 76' lang='grc' dir='ltr'><strong><em>ᾐτήσατο</em></strong></span> <span class='ocrx_word' id='word_1_207' title='bbox 1310 2878 1387 2961; x_wconf 82' lang='grc' dir='ltr'><strong><em>παρ’</em></strong></span> 
     </span>
     <span class='ocr_line' id='line_1_26' title="bbox 243 2967 1390 3064; baseline 0.004 -22"><span class='ocrx_word' id='word_1_208' title='bbox 243 2975 344 3042; x_wconf 75' lang='grc' dir='ltr'><strong><em>αὐτοῦ</em></strong></span> <span class='ocrx_word' id='word_1_209' title='bbox 364 2973 422 3041; x_wconf 84' lang='grc' dir='ltr'><strong>τὸν</strong></span> <span class='ocrx_word' id='word_1_210' title='bbox 442 2977 505 3042; x_wconf 79' lang='grc' dir='ltr'><strong>τοῦ</strong></span> <span class='ocrx_word' id='word_1_211' title='bbox 528 2972 668 3056; x_wconf 68' lang='grc' dir='ltr'><strong><em>παιδὸς*</em></strong></span> <span class='ocrx_word' id='word_1_212' title='bbox 690 2967 844 3063; x_wconf 69' lang='grc' dir='ltr'><strong><em>ὄλεθρον.</em></strong></span> <span class='ocrx_word' id='word_1_213' title='bbox 887 2981 992 3046; x_wconf 82' lang='lat' dir='ltr'><strong>Venus</strong></span> <span class='ocrx_word' id='word_1_214' title='bbox 1018 2981 1065 3045; x_wconf 84' lang='lat' dir='ltr'><strong>ita</strong></span> <span class='ocrx_word' id='word_1_215' title='bbox 1093 2979 1125 3044; x_wconf 89' lang='lat' dir='ltr'><strong>in</strong></span> <span class='ocrx_word' id='word_1_216' title='bbox 1147 2979 1275 3064; x_wconf 83' lang='lat' dir='ltr'><strong>prologo</strong></span> <span class='ocrx_word' id='word_1_217' title='bbox 1298 2981 1390 3047; x_wconf 86' lang='lat' dir='ltr'><strong>Euri-</strong></span> 
     </span>
     <span class='ocr_line' id='line_1_27' title="bbox 244 3079 532 3162; baseline 0.007 -20"><span class='ocrx_word' id='word_1_218' title='bbox 244 3079 332 3162; x_wconf 91' lang='lat' dir='ltr'><strong>pideo</strong></span> <span class='ocrx_word' id='word_1_219' title='bbox 357 3097 384 3144; x_wconf 87' lang='lat' dir='ltr'><strong>v.</strong></span> <span class='ocrx_word' id='word_1_220' title='bbox 408 3081 448 3144; x_wconf 87' lang='grc'><strong>43</strong></span> <span class='ocrx_word' id='word_1_221' title='bbox 470 3098 532 3162; x_wconf 91' lang='lat' dir='ltr'><strong>sq.:</strong></span> 
     </span>
    </p>

    <p class='ocr_par' dir='ltr' id='par_1_3' title="bbox 441 3172 1083 3261">
     <span class='ocr_line' id='line_1_28' title="bbox 441 3172 1083 3261; baseline 0 -19"><span class='ocrx_word' id='word_1_222' title='bbox 441 3177 495 3243; x_wconf 85' lang='grc' dir='ltr'><strong>καὶ</strong></span> <span class='ocrx_word' id='word_1_223' title='bbox 516 3173 653 3261; x_wconf 79' lang='grc' dir='ltr'><strong><em>τὸνμὲν</em></strong></span> <span class='ocrx_word' id='word_1_224' title='bbox 676 3172 754 3260; x_wconf 79' lang='grc' dir='ltr'><strong><em>ἡμῖν</em></strong></span> <span class='ocrx_word' id='word_1_225' title='bbox 777 3177 935 3261; x_wconf 79' lang='grc' dir='ltr'><strong><em>πολέμιον</em></strong></span> <span class='ocrx_word' id='word_1_226' title='bbox 958 3177 1083 3244; x_wconf 86' lang='grc' dir='ltr'><strong><em>νεανίαν</em></strong></span> 
     </span>
    </p>

    <p class='ocr_par' dir='ltr' id='par_1_4' title="bbox 441 3272 1103 3367">
     <span class='ocr_line' id='line_1_29' title="bbox 441 3272 1103 3367; baseline 0.002 -24"><span class='ocrx_word' id='word_1_227' title='bbox 441 3283 548 3344; x_wconf 86' lang='grc' dir='ltr'><strong><em>κτενεῖ</em></strong></span> <span class='ocrx_word' id='word_1_228' title='bbox 569 3275 676 3367; x_wconf 74' lang='grc' dir='ltr'><strong><em>πατὴρ</em></strong></span> <span class='ocrx_word' id='word_1_229' title='bbox 701 3272 844 3361; x_wconf 70' lang='grc' dir='ltr'><strong><em>ἀραῖσιν,</em></strong></span> <span class='ocrx_word' id='word_1_230' title='bbox 866 3273 942 3358; x_wconf 57' lang='lat' dir='ltr'><strong>ded</strong></span> <span class='ocrx_word' id='word_1_231' title='bbox 966 3276 1103 3359; x_wconf 83' lang='grc' dir='ltr'><strong><em>πόντιος</em></strong></span> 
     </span>
    </p>

    <p class='ocr_par' dir='ltr' id='par_1_5' title="bbox 444 3369 1116 3468">
     <span class='ocr_line' id='line_1_30' title="bbox 444 3369 1116 3468; baseline 0.001 -24"><span class='ocrx_word' id='word_1_232' title='bbox 444 3369 526 3461; x_wconf 65' lang='lat' dir='ltr'><strong>daeg</strong></span> <span class='ocrx_word' id='word_1_233' title='bbox 542 3379 716 3446; x_wconf 77' lang='grc' dir='ltr'><strong><em>Ποσειδῶν</em></strong></span> <span class='ocrx_word' id='word_1_234' title='bbox 736 3370 866 3446; x_wconf 72' lang='grc' dir='ltr'><strong><em>ὤπασεν</em></strong></span> <span class='ocrx_word' id='word_1_235' title='bbox 889 3383 991 3468; x_wconf 76' lang='grc' dir='ltr'><strong><em>Θησεῖ</em></strong></span> <span class='ocrx_word' id='word_1_236' title='bbox 1013 3379 1116 3465; x_wconf 82' lang='grc' dir='ltr'><strong><em>γέρας,</em></strong></span> 
     </span>
    </p>
   </div>
   <div class='ocr_carea' id='block_1_3' title="bbox 441 3471 1169 3570">
    <p class='ocr_par' dir='ltr' id='par_1_6' title="bbox 441 3471 1169 3570">
     <span class='ocr_line' id='line_1_31' title="bbox 441 3471 1169 3570; baseline 0.004 -26"><span class='ocrx_word' id='word_1_237' title='bbox 441 3479 542 3566; x_wconf 79' lang='grc' dir='ltr'><strong><em>μηδὲν</em></strong></span> <span class='ocrx_word' id='word_1_238' title='bbox 561 3475 700 3564; x_wconf 85' lang='grc' dir='ltr'><strong><em>μάταιον</em></strong></span> <span class='ocrx_word' id='word_1_239' title='bbox 724 3477 771 3559; x_wconf 84' lang='grc' dir='ltr'><strong>εἰς</strong></span> <span class='ocrx_word' id='word_1_240' title='bbox 792 3483 862 3570; x_wconf 80' lang='grc' dir='ltr'><strong><em>τρῖς</em></strong></span> <span class='ocrx_word' id='word_1_241' title='bbox 883 3471 1042 3564; x_wconf 74' lang='grc' dir='ltr'><strong><em>εῖξασθαι</em></strong></span> <span class='ocrx_word' id='word_1_242' title='bbox 1062 3483 1135 3568; x_wconf 73' lang='grc' dir='ltr'><strong>θεῷ</strong></span> <span class='ocrx_word' id='word_1_243' title='bbox 1148 3485 1169 3547; x_wconf 77' lang='lat'><strong>⁶.</strong></span> 
     </span>
    </p>
   </div>
   <div class='ocr_carea' id='block_1_4' title="bbox 240 3700 1389 4480">
    <p class='ocr_par' dir='ltr' id='par_1_7' title="bbox 345 3700 1189 3773">
     <span class='ocr_line' id='line_1_32' title="bbox 345 3700 1189 3773; baseline 0.002 -17"><span class='ocrx_word' id='word_1_244' title='bbox 345 3702 354 3732; x_wconf 92' lang='lat'>¹</span> <span class='ocrx_word' id='word_1_245' title='bbox 372 3701 484 3756; x_wconf 86' lang='lat' dir='ltr'><strong>Nemini</strong></span> <span class='ocrx_word' id='word_1_246' title='bbox 503 3700 677 3756; x_wconf 86' lang='lat' dir='ltr'><strong>sanationem</strong></span> <span class='ocrx_word' id='word_1_247' title='bbox 695 3701 765 3756; x_wconf 88' lang='lat' dir='ltr'><strong>bene</strong></span> <span class='ocrx_word' id='word_1_248' title='bbox 784 3703 896 3758; x_wconf 86' lang='lat' dir='ltr'><strong>cessisse</strong></span> <span class='ocrx_word' id='word_1_249' title='bbox 914 3721 972 3758; x_wconf 89' lang='lat' dir='ltr'><strong>non</strong></span> <span class='ocrx_word' id='word_1_250' title='bbox 989 3703 1070 3773; x_wconf 87' lang='lat' dir='ltr'><strong>parvi</strong></span> <span class='ocrx_word' id='word_1_251' title='bbox 1088 3703 1189 3773; x_wconf 90' lang='lat' dir='ltr'><strong>pendo.</strong></span> 
     </span>
    </p>

    <p class='ocr_par' dir='ltr' id='par_1_8' title="bbox 241 3789 1389 4036">
     <span class='ocr_line' id='line_1_33' title="bbox 343 3789 1389 3861; baseline 0.001 -19"><span class='ocrx_word' id='word_1_252' title='bbox 343 3789 413 3844; x_wconf 68' lang='grc' dir='ltr'><strong>Ὀἱ</strong></span> <span class='ocrx_word' id='word_1_253' title='bbox 432 3789 620 3844; x_wconf 85' lang='lat' dir='ltr'><strong>Wilamowitz</strong></span> <span class='ocrx_word' id='word_1_254' title='bbox 644 3789 783 3861; x_wconf 86' lang='lat' dir='ltr'><strong>Philolog.</strong></span> <span class='ocrx_word' id='word_1_255' title='bbox 803 3792 969 3848; x_wconf 87' lang='lat' dir='ltr'><strong>Untersuch.</strong></span> <span class='ocrx_word' id='word_1_256' title='bbox 989 3793 1002 3845; x_wconf 92' lang='grc' dir='ltr'><strong>Ι</strong></span> <span class='ocrx_word' id='word_1_257' title='bbox 1021 3810 1049 3861; x_wconf 89' lang='lat' dir='ltr'><strong>p.</strong></span> <span class='ocrx_word' id='word_1_258' title='bbox 1069 3794 1129 3854; x_wconf 83' lang='lat'>170,</span> <span class='ocrx_word' id='word_1_259' title='bbox 1157 3793 1206 3861; x_wconf 91' lang='lat' dir='ltr'><strong>qui</strong></span> <span class='ocrx_word' id='word_1_260' title='bbox 1225 3791 1389 3860; x_wconf 84' lang='lat' dir='ltr'><strong>ceteroquin</strong></span> 
     </span>
     <span class='ocr_line' id='line_1_34' title="bbox 242 3869 1388 3952; baseline -0.001 -20"><span class='ocrx_word' id='word_1_261' title='bbox 242 3878 339 3933; x_wconf 88' lang='lat' dir='ltr'><strong>eodem</strong></span> <span class='ocrx_word' id='word_1_262' title='bbox 363 3896 457 3932; x_wconf 88' lang='lat' dir='ltr'><strong>errore</strong></span> <span class='ocrx_word' id='word_1_263' title='bbox 481 3896 535 3947; x_wconf 91' lang='lat' dir='ltr'><strong>quo</strong></span> <span class='ocrx_word' id='word_1_264' title='bbox 554 3879 629 3935; x_wconf 84' lang='lat' dir='ltr'><strong>Jahn</strong></span> <span class='ocrx_word' id='word_1_265' title='bbox 650 3883 679 3932; x_wconf 89' lang='lat' dir='ltr'><strong>ct</strong></span> <span class='ocrx_word' id='word_1_266' title='bbox 699 3880 829 3935; x_wconf 89' lang='lat' dir='ltr'><strong>Wheeler</strong></span> <span class='ocrx_word' id='word_1_267' title='bbox 847 3882 975 3952; x_wconf 85' lang='lat' dir='ltr'><strong>illigatus</strong></span> <span class='ocrx_word' id='word_1_268' title='bbox 1000 3885 1042 3936; x_wconf 86' lang='lat' dir='ltr'><strong>est</strong></span> <span class='ocrx_word' id='word_1_269' title='bbox 1068 3882 1098 3934; x_wconf 90' lang='lat' dir='ltr'><strong>in</strong></span> <span class='ocrx_word' id='word_1_270' title='bbox 1119 3869 1214 3951; x_wconf 86' lang='lat' dir='ltr'><strong>priore</strong></span> <span class='ocrx_word' id='word_1_271' title='bbox 1234 3879 1388 3948; x_wconf 83' lang='lat' dir='ltr'><strong>Hippolyto</strong></span> 
     </span>
     <span class='ocr_line' id='line_1_35' title="bbox 241 3967 758 4036; baseline -0.002 -15"><span class='ocrx_word' id='word_1_272' title='bbox 241 3967 348 4022; x_wconf 85' lang='lat' dir='ltr'><strong>fontem</strong></span> <span class='ocrx_word' id='word_1_273' title='bbox 366 3967 594 4036; x_wconf 87' lang='lat' dir='ltr'><strong>interpolationis</strong></span> <span class='ocrx_word' id='word_1_274' title='bbox 614 3983 758 4035; x_wconf 84' lang='lat' dir='ltr'><strong>quaerens.</strong></span> 
     </span>
    </p>

    <p class='ocr_par' dir='ltr' id='par_1_9' title="bbox 343 4049 1250 4129">
     <span class='ocr_line' id='line_1_36' title="bbox 343 4049 1250 4129; baseline 0.003 -21"><span class='ocrx_word' id='word_1_275' title='bbox 343 4056 354 4088; x_wconf 80' lang='lat'>⁸</span> <span class='ocrx_word' id='word_1_276' title='bbox 375 4051 473 4109; x_wconf 78' lang='grc' dir='ltr'><strong><em>Οὐσῶν</em></strong></span> <span class='ocrx_word' id='word_1_277' title='bbox 489 4049 713 4126; x_wconf 75' lang='grc' dir='ltr'><strong><em>ὁμολογήσαντος</em></strong></span> <span class='ocrx_word' id='word_1_278' title='bbox 732 4057 886 4110; x_wconf 85' lang='lat' dir='ltr'><strong>Buttmann</strong></span> <span class='ocrx_word' id='word_1_279' title='bbox 903 4074 955 4126; x_wconf 91' lang='lat' dir='ltr'><strong>pro</strong></span> <span class='ocrx_word' id='word_1_280' title='bbox 975 4057 1043 4110; x_wconf 77' lang='grc' dir='ltr'><strong><em>εῖναι</em></strong></span> <span class='ocrx_word' id='word_1_281' title='bbox 1063 4052 1250 4129; x_wconf 68' lang='grc' dir='ltr'><strong><em>ὡμολόγησεν.</em></strong></span> 
     </span>
    </p>

    <p class='ocr_par' dir='ltr' id='par_1_10' title="bbox 342 4139 1328 4215">
     <span class='ocr_line' id='line_1_37' title="bbox 342 4139 1328 4215; baseline 0 -17"><span class='ocrx_word' id='word_1_282' title='bbox 342 4144 444 4213; x_wconf 76' lang='lat' dir='ltr'><strong>‘Hcp&#39;</strong></span> <span class='ocrx_word' id='word_1_283' title='bbox 463 4139 545 4197; x_wconf 79' lang='lat' dir='ltr'><strong>circui</strong></span> <span class='ocrx_word' id='word_1_284' title='bbox 566 4142 613 4197; x_wconf 87' lang='grc' dir='ltr'><strong>τὸν</strong></span> <span class='ocrx_word' id='word_1_285' title='bbox 631 4145 679 4197; x_wconf 81' lang='grc' dir='ltr'><strong>τοῦ</strong></span> <span class='ocrx_word' id='word_1_286' title='bbox 696 4142 797 4202; x_wconf 76' lang='grc' dir='ltr'><strong><em>παιδὸς</em></strong></span> <span class='ocrx_word' id='word_1_287' title='bbox 818 4145 971 4198; x_wconf 90' lang='lat' dir='ltr'><strong>Buttmann</strong></span> <span class='ocrx_word' id='word_1_288' title='bbox 991 4163 1042 4214; x_wconf 86' lang='lat' dir='ltr'><strong>pro</strong></span> <span class='ocrx_word' id='word_1_289' title='bbox 1062 4143 1135 4215; x_wconf 77' lang='grc' dir='ltr'><strong><em>παρὰ</em></strong></span> <span class='ocrx_word' id='word_1_290' title='bbox 1155 4147 1202 4198; x_wconf 83' lang='grc' dir='ltr'><strong>τοῦ</strong></span> <span class='ocrx_word' id='word_1_291' title='bbox 1220 4139 1328 4204; x_wconf 82' lang='grc' dir='ltr'><strong><em>παιδός.</em></strong></span> 
     </span>
    </p>

    <p class='ocr_par' dir='ltr' id='par_1_11' title="bbox 240 4231 1387 4480">
     <span class='ocr_line' id='line_1_38' title="bbox 342 4231 1387 4304; baseline 0.002 -18"><span class='ocrx_word' id='word_1_292' title='bbox 342 4234 353 4264; x_wconf 79' lang='lat'><strong><em>⁶</em></strong></span> <span class='ocrx_word' id='word_1_293' title='bbox 372 4232 504 4286; x_wconf 89' lang='lat' dir='ltr'><strong>Wheeler</strong></span> <span class='ocrx_word' id='word_1_294' title='bbox 522 4231 635 4299; x_wconf 89' lang='lat' dir='ltr'><strong>quidem</strong></span> <span class='ocrx_word' id='word_1_295' title='bbox 654 4231 683 4297; x_wconf 87' lang='lat' dir='ltr'><strong>(l.</strong></span> <span class='ocrx_word' id='word_1_296' title='bbox 697 4232 715 4284; x_wconf 93' lang='lat' dir='ltr'><strong>l.</strong></span> <span class='ocrx_word' id='word_1_297' title='bbox 728 4249 755 4301; x_wconf 93' lang='lat' dir='ltr'><strong>p.</strong></span> <span class='ocrx_word' id='word_1_298' title='bbox 769 4232 816 4300; x_wconf 81' lang='grc'><strong>48)</strong></span> <span class='ocrx_word' id='word_1_299' title='bbox 835 4232 921 4286; x_wconf 84' lang='lat' dir='ltr'><strong>etiam</strong></span> <span class='ocrx_word' id='word_1_300' title='bbox 938 4232 988 4286; x_wconf 87' lang='lat' dir='ltr'><strong>hoa</strong></span> <span class='ocrx_word' id='word_1_301' title='bbox 1003 4251 1096 4287; x_wconf 89' lang='lat' dir='ltr'><strong>versus</strong></span> <span class='ocrx_word' id='word_1_302' title='bbox 1109 4233 1240 4302; x_wconf 82' lang='lat' dir='ltr'><strong>Euripidi</strong></span> <span class='ocrx_word' id='word_1_303' title='bbox 1254 4235 1387 4304; x_wconf 85' lang='lat' dir='ltr'><strong>abrogat;</strong></span> 
     </span>
     <span class='ocr_line' id='line_1_39' title="bbox 242 4320 1387 4391; baseline 0.003 -17"><span class='ocrx_word' id='word_1_304' title='bbox 242 4321 332 4389; x_wconf 88' lang='lat' dir='ltr'><strong>quisi</strong></span> <span class='ocrx_word' id='word_1_305' title='bbox 351 4325 428 4375; x_wconf 88' lang='lat' dir='ltr'><strong>recte</strong></span> <span class='ocrx_word' id='word_1_306' title='bbox 447 4320 604 4386; x_wconf 85' lang='lat' dir='ltr'><strong>indicasset,</strong></span> <span class='ocrx_word' id='word_1_307' title='bbox 628 4321 745 4374; x_wconf 88' lang='lat' dir='ltr'><strong>alteram</strong></span> <span class='ocrx_word' id='word_1_308' title='bbox 764 4320 831 4374; x_wconf 85' lang='lat' dir='ltr'><strong>satis</strong></span> <span class='ocrx_word' id='word_1_309' title='bbox 851 4321 997 4390; x_wconf 89' lang='lat' dir='ltr'><strong>antiquam</strong></span> <span class='ocrx_word' id='word_1_310' title='bbox 1016 4322 1261 4391; x_wconf 86' lang='lat' dir='ltr'><strong>interpolationem</strong></span> <span class='ocrx_word' id='word_1_311' title='bbox 1280 4327 1387 4377; x_wconf 86' lang='lat' dir='ltr'><strong>tenere·</strong></span> 
     </span>
     <span class='ocr_line' id='line_1_40' title="bbox 240 4407 894 4480; baseline 0.003 -18"><span class='ocrx_word' id='word_1_312' title='bbox 240 4426 309 4463; x_wconf 90' lang='lat' dir='ltr'><strong>mus.</strong></span> <span class='ocrx_word' id='word_1_313' title='bbox 346 4407 401 4463; x_wconf 89' lang='lat' dir='ltr'><strong>Sed</strong></span> <span class='ocrx_word' id='word_1_314' title='bbox 419 4413 586 4480; x_wconf 84' lang='lat' dir='ltr'><strong>argumenta</strong></span> <span class='ocrx_word' id='word_1_315' title='bbox 603 4408 740 4464; x_wconf 85' lang='lat' dir='ltr'><strong>validiora</strong></span> <span class='ocrx_word' id='word_1_316' title='bbox 758 4408 894 4464; x_wconf 83' lang='lat' dir='ltr'><strong>desidero.</strong></span> 
     </span>
    </p>
   </div>
   <div class='ocr_carea' id='block_1_5' title="bbox 0 0 1582 5076">
    <p class='ocr_par' dir='ltr' id='par_1_12' title="bbox 0 0 1582 5076">
     <span class='ocr_line' id='line_1_41' title="bbox 0 0 1582 5076; baseline 0 1"><span class='ocrx_word' id='word_1_317' title='bbox 0 0 1582 5076; x_wconf 95' lang='lat' dir='ltr'><strong> </strong></span> 
     </span>
    </p>
   </div>
  </div>
 </body>
</html>
