3142 5074
795 395 830 454 94

240 570 422 638 Simacbha?
456 563 582 654 Φράζεό
604 591 665 650 μευ
687 562 746 632 τδν
768 563 872 651 ἕσαθ’
896 559 979 632 ὅθεν
997 565 1102 634 ἵκετσί
1146 568 1270 651 Aspicit
1284 567 1388 651 puella

239 673 272 736 in
301 689 431 754 pompae
457 670 633 752 spectaculo
660 670 794 753 Delphin
826 671 920 755 atque
948 672 984 734 ut
1013 670 1102 750 vidit,
1136 672 1171 736 ut
1202 669 1331 736 insaniit
1357 688 1385 735 v.

241 775 280 837 77
303 792 347 855 sq.
391 772 533 838 Phaedra
557 771 737 856 privignum
767 773 807 838 ad
838 774 986 858 mysteria
1008 770 1191 838 celebranda
1215 771 1387 854 profectum

239 875 375 958 primum
397 873 529 955 deperit3
552 893 614 956 qua
633 874 666 939 in
689 893 722 940 re
744 875 863 941 multus
886 875 934 940 est
945 873 1074 941 Ovidius
1087 875 1173 950 (Her.
1185 873 1239 954 IV,
1264 870 1385 956 67sq.),

239 977 360 1061 parcior
383 974 545 1058 Euripides
568 973 656 1058 (Hip.
678 976 720 1040 24
738 976 807 1059 aql.
852 976 931 1043 Nolo
962 975 1087 1059 quidem
1117 975 1285 1040 admodum
1318 993 1387 1057 pre·

239 1097 321 1143 mere
336 1077 402 1155 hoc,
426 1077 500 1160 qnia
515 1077 630 1144 similia
645 1079 678 1142 in
701 1078 816 1144 fabulis
838 1078 1001 1145 amatoriis
1020 1079 1084 1144 iam
1105 1077 1176 1143 iude
1199 1079 1238 1143 ah
1250 1075 1386 1142 Homero

238 1179 439 1246 inveniuntur
451 1181 470 1243 ¹.
485 1215 523 1226 -
539 1178 732 1245 Simaetham
744 1179 904 1246 ardentem
927 1180 1053 1245 morbus
1074 1179 1240 1262 consumit,
1263 1180 1386 1244 decum-

238 1282 286 1347 bit
306 1281 338 1344 in
360 1279 440 1346 lecto
464 1278 566 1345 decem
590 1279 654 1344 dies
674 1281 705 1346 et
727 1279 830 1345 decem
851 1281 969 1360 noctes3
993 1299 1102 1362 corpus
1124 1280 1296 1359 marcescit,
1320 1279 1385 1344 sola

239 1400 307 1447 ossa
342 1382 373 1446 et
403 1380 491 1462 pellis
522 1380 740 1463 relinquuntur
774 1400 801 1445 u.
829 1382 868 1446 85
895 1400 941 1463 sq.
995 1379 1113 1447 chorus
1137 1379 1321 1462 Euripidem
1348 1379 1386 1444 de

237 1481 380 1547 Phaedra
401 1481 620 1546 confabulatur
641 1501 671 1547 v.
696 1482 756 1546 129
768 1501 830 1564 sq.:
853 1475 938 1546 ὅθεν
954 1505 1012 1562 μοι
1031 1479 1035 1564 l
1055 1475 1173 1563 πρώτα
1188 1475 1286 1566 φάτις
1300 1466 1385 1566 ἦλθε

237 1580 414 1646 δέσποιναν
433 1581 436 1660 l
455 1579 644 1663 τειρομέναν
656 1585 775 1670 νοσερᾷ
794 1581 799 1664 Ι
818 1581 913 1668 κοίτᾳ
924 1580 1024 1663 δέμας
1036 1576 1127 1658 έντδς
1141 1577 1226 1662 ἔχειν
1239 1579 1243 1665 l
1258 1573 1384 1647 eliceant

238 1683 356 1749 Narrat
381 1683 490 1748 deinde
512 1684 640 1749 tertium
668 1685 732 1750 iam
756 1685 838 1749 diem
867 1703 935 1750 eam
963 1702 1086 1749 omnem
1112 1683 1215 1748 cibum
1244 1701 1385 1765 respuere

239 1785 280 1866 (v.
305 1785 364 1848 135
387 1803 432 1867 sq.
456 1785 494 1850 cf.
514 1803 543 1849 v.
562 1786 647 1866 275),
670 1785 749 1851 scire
772 1785 841 1850 vult
865 1785 988 1862 v.,174:
1018 1782 1050 1846 τί
1072 1776 1243 1868 δεδήληται
1263 1787 1267 1862 Ι
1286 1783 1386 1866 δέμας

237 1876 416 1966 ἀλλόχροον
436 1883 610 1967 βασιλείας,
634 1886 787 1952 exclamat
808 1906 837 1951 v.
852 1887 927 1950 274:
952 1883 998 1962 οίς
1019 1875 1158 1950 ἀσθενεῖ
1178 1909 1215 1949 τε
1236 1884 1290 1950 καὶ
1310 1907 1385 1950 κατ-

237 1984 365 2067 έξανιαι
384 1983 490 2068 δέμας.
536 1985 695 2052 Simaetha
727 1989 831 2052 autem
854 1988 930 2052 haec
961 1988 1097 2053 subterit
1122 2008 1151 2054 v.
1174 1989 1215 2053 90
1236 2007 1297 2071 sq.:
1330 1985 1384 2050 καὶ

237 2088 271 2166 ἐς
297 2087 386 2165 τίνος
416 2089 473 2152 οὐκ
503 2085 647 2171 έπέρασα
672 2089 677 2170 1
704 2081 727 2173 ἢ
757 2087 858 2166 ποίας
888 2084 1004 2154 ἔλαιον
1031 2087 1142 2172 γραίας
1169 2084 1280 2173 δόμον,
1313 2082 1385 2166 ἅτις

238 2185 379 2278 &apiriam
412 2190 569 2255 Nimirum
591 2191 749 2272 pugnarat
771 2192 879 2256 contra
904 2209 1056 2269 amorem;
1093 2189 1146 2255 sed
1168 2190 1284 2256 frustra
1307 2190 1384 2257 leni·

236 2311 306 2358 men
329 2291 554 2374 circumspexit.
598 2291 676 2356 Item
699 2290 841 2357 Phaedra
864 2292 1031 2374 Euripidis,
1065 2290 1147 2373 apud
1173 2311 1264 2374 quem
1286 2311 1384 2375 neque

235 2393 470 2457 incantamenta
492 2410 590 2474 neque
612 2392 746 2457 remedia
762 2391 881 2474 desunt,
905 2411 984 2475 quae
1002 2392 1106 2458 nutrix
1122 2395 1230 2459 contra
1246 2412 1383 2459 amorem

235 2493 295 2557 sibi
317 2492 439 2575 praesto
463 2511 526 2557 esse
547 2492 731 2574 praetendit.
777 2491 836 2557 Sed
851 2512 958 2558 verum
980 2493 1150 2558 remedium
1172 2496 1314 2560 amatum
1334 2494 1385 2558 in-

236 2612 343 2659 venem
366 2611 438 2671 esse,
472 2593 505 2656 in
528 2612 563 2658 ea
586 2613 618 2658 re
645 2594 750 2658 nutris
777 2595 808 2658 et
833 2593 974 2660 Phaedra
1006 2595 1070 2661 fere
1103 2614 1163 2661 non
1195 2596 1384 2661 dissentiunt

235 2695 288 2776 (cf.
311 2714 404 2777 supra
426 2715 454 2778 p.
479 2695 517 2758 15
540 2696 601 2777 sq.)
635 2693 795 2760 Simaetha
827 2696 874 2760 ita
901 2714 930 2760 v.
954 2697 1008 2761 95:
1045 2690 1074 2760 ei
1102 2695 1129 2759 δ’
1158 2685 1214 2778 dyo
1245 2693 1384 2761 Θέστυλί

234 2820 290 2879 μοι
314 2795 458 2876 χαλεπᾶς
479 2789 566 2862 νόσω
590 2791 667 2877 εὑρέ
687 2820 719 2860 τι
741 2797 843 2884 μῆχος
869 2797 963 2880 atque
985 2797 1052 2863 iam
1076 2792 1136 2862 τδν
1158 2790 1304 2862 Μίνδιον
1332 2818 1383 2863 ar·

234 2899 311 2963 cessi
336 2899 432 2964 iubet.
476 2897 537 2963 Sed
559 2898 773 2980 gravissimus,
804 2900 858 2982 qui
882 2899 1039 2981 praecedit
1061 2919 1166 2964 versus
1188 2900 1241 2964 94:
1274 2891 1381 2980 χοίτω

233 2999 275 3088 τᾷ
297 2997 401 3085 dodtp
422 2993 480 3063 τὸν
502 2989 629 3062 ἀλαθέα
650 3001 763 3080 μῦθον
786 2994 888 3080 ἔλεξα,
913 3001 1021 3083 utpote
1044 3020 1134 3084 quem
1158 3019 1211 3083 per
1233 3001 1382 3066 circuitus

176 3161 179 3164 ,
234 3100 356 3164 locutus
378 3101 424 3165 ita
444 3100 589 3182 explices:
612 3098 770 3183 στέγουσα
791 3094 850 3186 τὴν
872 3095 981 3165 νόσον
990 3100 1097 3186 χρόνῳ
1119 3095 1206 3184 πρὸς
1226 3095 1286 3188 τὴν
1306 3122 1383 3183 τρο·

234 3193 299 3286 φδν
314 3198 463 3284 ’δηλῶσαι
485 3191 673 3288 ἠναγκάσθη
698 3199 788 3286 (Arg.
811 3203 884 3268 Eur.
908 3198 1005 3284 Hip).
1038 3201 1143 3284 Atque
1164 3201 1226 3266 isa
1247 3200 1382 3284 insignis

234 3452 383 3509 confictum
402 3453 438 3507 sit
458 3470 490 3508 ex
509 3454 604 3523 priore
623 3453 726 3523 aliquo,
749 3457 893 3523 cumpost
911 3451 1028 3508 ancillas
1048 3451 1198 3506 discessum
1220 3452 1266 3521 (cf.
1285 3471 1312 3508 v.
1332 3454 1380 3524 64)
1462 3479 1467 3492 ,
1562 3451 1563 3466 ¹

234 3541 449 3597 fascinationem
478 3543 627 3613 apparatui
654 3542 767 3596 omnino
797 3559 853 3595 non
881 3541 1000 3609 amplius
1029 3540 1105 3595 locus
1130 3542 1180 3610 sit;
1210 3541 1295 3596 immo
1321 3543 1381 3597 sola

233 3631 314 3685 Luna
343 3631 378 3685 ab
406 3635 517 3684 amante
540 3631 658 3686 muliere
686 3631 732 3686 hic
761 3631 904 3700 aptissime
927 3629 1075 3684 invocatur
1103 3628 1151 3699 (of.
1171 3628 1261 3685 Schol.
1281 3651 1308 3686 v.
1328 3632 1380 3699 10).
1410 3657 1417 3668 ·

233 3719 322 3774 Simul
341 3737 402 3774 cnm
417 3718 520 3773 Hecate
538 3737 570 3774 eo
590 3719 652 3776 loco
663 3719 838 3789 imploratur,
858 3736 914 3789 quo
927 3718 988 3788 ipsa
1000 3736 1079 3773 sacra
1091 3719 1201 3790 magica
1213 3720 1381 3774 inchoantur

232 3807 270 3879 (v.
292 3810 326 3862 10
344 3807 409 3877 sq.);
438 3810 523 3876 atque
547 3825 582 3862 ex
605 3807 806 3863 commentario
831 3807 914 3863 huius
934 3808 988 3862 loci
1007 3807 1158 3863 scholiasta
1177 3826 1255 3862 suam
1277 3807 1380 3863 doetri-

232 3915 298 3952 nam
316 3897 444 3951 derivare
461 3898 563 3966 potnit.
600 3896 654 3952 Hic
671 3897 786 3966 insuper
805 3896 933 3966 Sophron
951 3896 1084 3951 laudatur
1102 3895 1205 3968 (Schol.
1225 3915 1251 3951 v.
1273 3895 1324 3964 la).

334 3987 343 4018 ¹
364 3985 404 4040 Cf.
424 3985 540 4054 Dilthey
558 3985 576 4038 l.
597 3984 616 4037 l.
635 4001 662 4054 p.
682 3987 716 4038 49
735 4002 776 4053 sq.
816 3984 916 4040 Rohde
935 3985 990 4038 l.1.
1009 4002 1037 4055 p.
1058 3986 1108 4038 145
1126 4001 1166 4052 sq.
1204 3985 1380 4054 Argumenta

233 4091 294 4128 mea
315 4074 353 4128 eis
372 4077 482 4126 tantum
503 4072 648 4126 debilitari
667 4089 755 4140 posse,
775 4089 846 4140 quae
869 4073 927 4126 iam
950 4077 1015 4128 ante
1034 4072 1180 4141 Euripidis
1204 4076 1331 4141 tempora
1350 4071 1380 4126 iu

231 4179 283 4215 usu
301 4161 424 4230 fuerunt,
444 4161 493 4214 vix
511 4177 580 4229 opus
600 4163 641 4214 est
661 4177 781 4214 monere.

333 4251 343 4283 ²
362 4255 448 4318 Καίτοι
460 4267 513 4302 om.
524 4245 736 4302 ΑΕ.’ἒντοσθιν
756 4249 830 4318 ἔχειν
847 4247 914 4301 libri
932 4247 1068 4316 plerique.
1096 4247 1195 4302 Sensus
1207 4247 1380 4316 perspicuus,

232 4338 280 4391 sed
303 4337 379 4392 locus
402 4341 559 4407 corruptus.
597 4336 741 4390 Wecklein
764 4335 868 4402 (Fleck.
888 4336 986 4390 Jahrb.
1009 4337 1077 4390 1880
1108 4336 1221 4404 p.·385)
1247 4335 1383 4390 coniecita

231 4429 393 4498 ιειρομέναν
410 4425 525 4495 νοσεροῖς
542 4421 627 4479 αὐτὰν
644 4424 734 4496 δέμας
753 4420 829 4483 ἐντὸς
847 4425 921 4494 ἔχειν
938 4429 1036 4483 κοίτας.
