3142 5074
768 346 822 399 104·

215 525 346 588 lentiam
379 543 479 588 meam
512 523 635 606 egregie
665 521 842 588 adiuvant?
886 521 1044 586 Nimirum
1067 522 1100 585 in
1123 521 1185 584 illis
1208 520 1245 586 de
1267 521 1364 584 Phae·

214 624 271 690 dra
289 625 388 690 amori
410 625 578 690 obsistente
600 624 679 688 nihil
701 643 826 706 prorsus
847 622 979 705 legitur3
1012 621 1175 714 tragoedia
1197 621 1300 703 potius
1321 621 1366 685 le-

215 727 300 791 viora
323 726 505 790 ornamenta
527 727 637 790 mutua
659 724 746 789 dedit
757 729 775 788 ¹.

313 828 356 891 Iis
378 827 518 908 denique,
542 826 595 908 qui
619 826 656 890 de
679 825 749 890 aliis
768 825 883 890 fabulis
905 826 1055 908 cogitent,
1084 823 1251 908 inquibus
1274 822 1365 886 Euri-

213 927 298 1009 pides
321 926 436 990 amoris
456 926 566 990 leniter
589 926 753 990 crescentis
776 927 806 990 et
829 926 926 992 animi
951 925 1115 991 renitentis
1137 944 1174 989 ec
1192 923 1309 988 frustra
1324 923 1364 988 ad

214 1028 364 1094 rationem
388 1047 420 1091 se
443 1027 617 1092 revocantis
639 1028 812 1110 exemplum
836 1046 1004 1110 proponere
1019 1027 1165 1108 potuerit,
1188 1025 1232 1088 sic
1245 1022 1365 1088 occurri

211 1129 300 1193 licet:
329 1128 427 1192 videri
448 1129 571 1210 poetam
600 1129 633 1192 in
659 1129 760 1192 tribus
791 1128 945 1192 similibus
966 1127 1100 1192 fabulis²
1128 1146 1175 1191 res
1204 1125 1307 1208 potius
1331 1143 1365 1189 ex

213 1229 327 1293 illicita
350 1229 480 1292 libidine
501 1228 719 1302 redundantes,
751 1229 906 1293 actionem
929 1227 1052 1312 longius
1075 1227 1264 1310 provectam,
1297 1242 1365 1306 per-

213 1348 304 1394 sonas
326 1330 391 1393 iam
415 1329 496 1394 circa
519 1329 619 1410 ipsum
643 1329 758 1394 amoris
781 1329 936 1411 euentum,
968 1331 1004 1392 ut
1026 1329 1071 1394 ite
1094 1328 1206 1405 dicam,
1229 1342 1366 1391 commo·

213 1432 317 1495 rantes
349 1430 550 1513 proposuisse.
597 1429 680 1496 Haeo
710 1430 876 1508 conclusio,
913 1449 992 1513 quae
1016 1429 1049 1493 in
1073 1428 1265 1494 Stheneboea
1287 1427 1366 1490 nulli

212 1531 402 1596 dubitationi
425 1531 556 1596 obnoxia
580 1532 655 1609 est⁵,
690 1531 764 1597 licet
787 1530 930 1596 Welclrer
958 1530 992 1610 (l.
1015 1531 1037 1595 l.
1060 1549 1088 1613 p.
1113 1529 1186 1608 780)
1209 1528 1364 1592 nutricem

214 1632 446 1714 Bellerophonti
480 1650 549 1696 erae
580 1651 716 1696 amoram
739 1650 775 1697 ao
798 1631 994 1710 desiderium,
1023 1650 1083 1713 quo
1109 1630 1268 1695 absentem
1292 1648 1364 1694 con·

213 1733 390 1814 cupivisset,
425 1731 538 1796 vividis
561 1733 716 1797 coloribus
738 1733 934 1816 descripsisse
964 1731 1166 1814 probabiliter
1188 1730 1362 1808 coniecerit,

215 1853 286 1897 vero
309 1833 420 1898 saltem
443 1833 582 1914 proxima
604 1835 651 1898 est
669 1834 703 1897 in
725 1833 878 1898 Phoenice
901 1833 953 1908 (cl.
977 1831 1120 1897 Welclrer
1140 1832 1161 1895 l.
1182 1832 1204 1896 l.
1227 1851 1257 1913 p.
1280 1831 1365 1911 805).

213 1935 275 2000 Uni
297 1935 394 2000 Aeolo
427 1935 485 1999 hoc
517 1933 585 1998 loco
619 1935 796 1999 accuratius
819 1933 1042 2000 examinandae
1064 1932 1232 2015 paullisper
1254 1951 1365 1998 vacare

213 2036 343 2118 oportet,
375 2053 436 2098 non
468 2034 544 2117 quin
567 2033 710 2099 Weloker
742 2035 775 2112 (l.
799 2035 820 2098 l.
843 2054 872 2116 p.
897 2035 987 2120 861),
1007 2031 1154 2098 Grauerti
1188 2032 1364 2114 opinionem

213 2137 352 2201 fabulam
375 2136 569 2217 auspicatam
591 2154 656 2200 esse
677 2155 696 2199 a
720 2135 839 2201 Canace
862 2154 967 2201 coram
991 2135 1112 2199 nutrice
1132 2152 1268 2199 amorem
1292 2152 1364 2198 con-

212 2237 320 2302 fitente
352 2237 538 2318 redarguens
567 2237 655 2300 unice
682 2238 763 2301 rocta
791 2236 957 2302 affirmarit
985 2238 1066 2301 circa
1095 2236 1197 2318 ipsum
1223 2235 1365 2317 pariendi

213 2340 335 2420 tempus
357 2338 511 2403 actionem
533 2339 657 2416 versari,
687 2338 739 2403 sed
763 2337 837 2420 quia
860 2339 1022 2403 Macareus
1044 2337 1190 2403 inductus
1212 2338 1258 2402 est
1279 2335 1363 2419 patri

213 2439 394 2521 persuadere
416 2439 553 2522 studens,
583 2441 619 2503 ut
647 2440 727 2504 filias
758 2441 788 2504 et
820 2438 901 2504 filios
935 2439 1064 2505 conubio
1095 2439 1247 2520 iungeret,
1280 2437 1364 2521 quod

213 2540 380 2623 Dionysius
407 2540 541 2604 testatur
568 2539 674 2621 (Rhea
694 2540 751 2617 IX,
777 2541 842 2620 ll):
876 2537 909 2602 ἐν
931 2541 978 2624 τῷ
999 2533 1117 2624 Αἰόλῳ
1141 2537 1158 2603 ὁ
1181 2531 1363 2620 Μακαρεύς

212 2639 299 2706 ἐστιν
321 2634 478 2728 ὁμιλήσας
499 2643 538 2727 τῇ
560 2631 685 2729 ἀδελφῇ
707 2641 760 2705 καὶ
782 2635 955 2705 λανθάνων
979 2641 1033 2704 καὶ
1059 2641 1290 2723 συμβουλεύων
1315 2644 1363 2726 τῷ

315 2793 324 2824 ¹
344 2792 383 2846 Ut
402 2793 484 2860 plene
504 2792 541 2845 sit
561 2793 756 2861 cumulateque
773 2791 899 2861 perfecta
918 2795 1053 2862 quaestio,
1072 2794 1154 2847 huius
1168 2794 1222 2848 loci
1235 2799 1277 2848 est
1289 2811 1363 2849 com-

212 2899 368 2936 memorare
386 2882 508 2950 reliquas
527 2885 660 2951 cognatas
679 2881 788 2935 fabulas
808 2883 926 2936 incestas
955 2884 1066 2937 exiliter
1095 2888 1123 2937 et
1151 2884 1272 2952 carptim
1298 2901 1362 2938 nar·

212 2974 300 3024 ratas:
330 2970 480 3024 Demodice
500 2970 612 3025 Crethei
630 2988 702 3024 uxor
720 2971 856 3024 Phrixum
876 2972 997 3040 deperiit
1016 2972 1131 3042 (Hygin.
1150 2972 1228 3026 Poet.
1248 2974 1363 3027 Astron.

212 3059 248 3126 II,
265 3059 320 3128 20),
344 3058 476 3112 Pallenen
495 3063 584 3126 ‚pater
615 3059 683 3112 arsit
713 3059 814 3129 (Noun.
834 3059 948 3129 Dionys.
973 3060 1099 3129 XLVIII,
1126 3063 1161 3114 93
1180 3061 1243 3130 sq.),
1270 3061 1363 3115 Mene·

211 3149 303 3216 phron
329 3165 393 3199 cum
419 3151 510 3200 matre
528 3149 679 3201 concubuit
699 3148 758 3217 (Ov.
776 3148 843 3202 Met.
862 3148 925 3216 VII,
944 3149 1024 3219 386);
1052 3153 1177 3204 ceterum
1203 3150 1238 3204 cf.
1257 3149 1361 3220 Hygia.

211 3235 230 3288 f.
252 3239 311 3289 253.
345 3265 377 3273 —
409 3235 440 3287 In
459 3234 612 3304 Pasiphaes
638 3235 798 3290 foedissima
822 3238 969 3306 voluptate
988 3237 1048 3306 ipsa
1073 3239 1256 3308 repugnantis
1275 3243 1362 3292 mate·

212 3325 271 3379 riae
290 3327 391 3378 natura
411 3324 553 3378 obstitisse
572 3316 693 3393 videtur,
723 3326 870 3394 quominus
899 3326 1075 3380 resistentem
1103 3325 1236 3380 feminam
1259 3326 1363 3380 descri-

212 3415 326 3482 berent;
347 3413 382 3466 ci.
403 3412 452 3466 Ov.
472 3415 534 3466 Art.
556 3414 615 3467 Am.
638 3414 659 3482 I,
681 3416 732 3468 289
752 3432 791 3483 sq.
821 3414 911 3469 Nonn.
931 3415 1044 3482 Dionys.
1064 3413 1177 3476 XLVII,
1196 3417 1248 3468 396
1267 3433 1307 3482 sq.

314 3503 324 3534 ²
342 3503 365 3555 F
367 3503 473 3569 abulae,
492 3503 522 3555 in
541 3503 641 3571 quibus
660 3503 802 3573 legitimus
815 3504 903 3557 Amor
923 3504 1010 3556 iustos
1029 3503 1186 3573 triumphos
1200 3503 1269 3573 agit,
1288 3503 1363 3556 hunc

212 3590 304 3644 locum
321 3609 378 3644 non
397 3595 513 3660 tangere
532 3590 606 3644 hand
628 3592 712 3660 longa
731 3591 917 3658 explicatione
936 3595 1008 3662 eget.
1028 3591 1152 3658 Quarum
1165 3591 1362 3646 celeberrimae

211 3679 410 3734 Andromacha
429 3683 457 3733 et
477 3679 573 3748 Dictys
593 3678 678 3732 fuisse
699 3679 839 3748 videntur,
859 3680 888 3733 in
907 3697 962 3748 qua
981 3682 1111 3748 voluptas
1131 3697 1225 3734 sensus
1243 3684 1272 3734 et
1284 3697 1362 3733 arnor

211 3767 336 3820 animum
358 3785 524 3836 permovens
547 3768 670 3837 primum
689 3768 717 3820 in
737 3769 970 3838 disceptationem
1000 3787 1016 3822 a
1035 3769 1152 3823 Platone
1179 3773 1277 3838 postea
1300 3786 1361 3822 san-

211 3856 296 3908 citam
324 3859 460 3910 vocantur
495 3855 540 3923 (cf.
565 3855 611 3925 frg
644 3858 704 3908 342.
732 3856 840 3910 Golster
870 3857 961 3911 Diatr.
987 3859 1017 3910 in
1044 3858 1142 3926 Eurip.
1167 3857 1362 3927 philosophiae

211 3943 312 4010 locum,
338 3944 386 4012 qui
406 3948 448 3997 est
466 3944 491 3998 d.
512 3944 620 4014 amoc).
642 3974 677 3984 -
698 3945 730 4001 In
750 3944 878 3999 Cretibus
898 3949 992 3999 autem
1011 3944 1162 4014 Pasiphaes
1181 3949 1311 4014 stuprum
1330 3950 1362 3999 ut

211 4031 317 4085 dudum
336 4036 526 4101 antegressum
545 4032 664 4087 fortasse
689 4033 719 4086 in
738 4035 856 4104 prologo
880 4039 1127 4088 commemoratum
1151 4038 1192 4087 est
1220 4033 1265 4101 (ci.
1287 4033 1362 4087 Jahn

210 4119 293 4174 Arch.
315 4120 402 4173 Beitr.
421 4138 448 4189 p.
468 4119 543 4190 238).

283 4195 285 4198 ¹
310 4208 414 4261 3ΙΙΙοᾶ
441 4209 554 4276 quidem
582 4209 787 4264 Stheneboeae:
821 4205 1037 4280 νουθετούμενος
1065 4209 1091 4262 d’
1118 4205 1203 4280 Ἔρως
1224 4210 1229 4277 Ι
1253 4211 1359 4280 μᾶλλον

210 4299 293 4358 πιέζει.
304 4296 367 4366 (lrg.
378 4297 442 4367 668)
452 4297 658 4353 Alexandrinae
670 4297 765 4353 Musae
785 4299 866 4352 valde
886 4298 1015 4354 adrisisse
1034 4298 1132 4352 Rohde
1152 4299 1276 4354 ostendit
1294 4299 1362 4366 (1.1.

211 4401 238 4453 p.
262 4387 311 4438 148
330 4385 412 4454 adu).
