3154 5076
792 401 828 454 50

236 593 330 658 quam
350 573 453 639 Diana
474 573 591 638 crimen
613 572 813 638 manifestum
836 571 922 636 facit.
968 571 1048 637 Eum
1070 571 1184 651 autem,
1219 573 1273 654 qui
1294 573 1384 639 deam

234 675 267 740 in
288 693 431 740 scaenam
455 693 516 738 non
536 672 728 756 produceret,
751 662 790 718 -’-
813 671 895 755 quod
914 671 1045 737 fortasse
1068 671 1228 754 Sophoclis
1255 676 1322 738 erat
1343 711 1384 720 —

236 775 401 841 verisimile
436 775 481 839 est
507 773 683 839 Phaedram
712 773 811 855 ipsam
846 773 1018 838 calumnias
1049 773 1242 856 detegentem
1268 775 1383 853 imissa,

235 879 270 942 ut
292 875 407 941 Seneca
434 875 523 940 docet
533 877 552 938 ¹.
598 873 686 954 Quod
708 873 907 956 Asclepiades
937 874 1063 939 minime
1092 874 1259 957 significat.
1304 876 1384 940 Utut

234 997 282 1043 res
304 997 336 1042 se
358 977 466 1041 habet:
499 975 558 1039 hoc
580 974 681 1056 ipsum
705 976 780 1052 erat,
815 993 876 1057 quo
906 976 1039 1040 maxime
1061 975 1241 1057 tragoediae
1262 975 1385 1041 differe-

233 1078 319 1144 bant.
363 1076 430 1142 Aut
452 1076 551 1158 igitur
571 1076 756 1158 compilator
778 1075 856 1140 illud
878 1067 1076 1159 ὁμολογοῦσι
1096 1075 1136 1140 ad
1158 1094 1255 1140 unum
1277 1068 1384 1159 ἇπόγ-

234 1179 356 1260 ξασθαι
371 1177 640 1262 neglegentissime
653 1175 748 1241 refert
764 1177 874 1242 autad
893 1177 1053 1260 vulgarem
1076 1176 1179 1259 potius
1199 1177 1232 1240 in
1247 1178 1384 1242 chresto-

233 1283 361 1348 mathiis
376 1280 501 1346 fabulae
514 1279 656 1362 formam,
679 1280 787 1361 utpote
809 1298 888 1362 quae
911 1279 1008 1344 altius
1028 1278 1197 1343 affectuum
1218 1279 1381 1344 discrimen

234 1383 371 1464 omittat,
394 1381 528 1463 respicit.
545 1415 583 1426 -
601 1380 709 1463 Neque
720 1381 823 1444 minus
845 1400 864 1444 a
886 1379 1048 1464 tragoedia
1063 1379 1199 1445 alienum
1222 1381 1278 1463 est,
1301 1381 1383 1464 quod

233 1485 331 1549 restat
358 1481 573 1546 ornamentum
605 1483 848 1546 commemoratu
875 1481 1024 1564 dignum:
1061 1471 1306 1564 εὐλαβούμενος
1328 1484 1382 1560 (se.

235 1577 391 1669 Θησεύς),
408 1580 443 1646 δὲ
464 1583 624 1665 μητρυιᾶς
648 1576 825 1666 ἐπιβουλὴν
848 1580 975 1662 πέμπει
998 1577 1036 1662 ἐξ
1058 1571 1212 1668 Ἀθηνῶν
1234 1575 1292 1648 τόν
1314 1575 1384 1646 υἱόν

230 1681 427 1748 Ἱππόλυτον
443 1681 640 1768 Τροιζηνίων
654 1671 772 1764 όίρχειν.
794 1684 844 1748 Λα
864 1683 1010 1748 credibile
1032 1683 1182 1748 Theseum
1202 1684 1236 1748 in
1257 1704 1396 1772 uxorem,

232 1785 434 1866 suspiciosum
458 1785 485 1849 ei
507 1786 614 1866 postea
636 1783 736 1848 filium
758 1784 858 1865 stupri
884 1785 1045 1850 accusanti
1072 1785 1139 1848 sine
1166 1785 1230 1850 ulla
1257 1785 1382 1849 dubita-

232 1886 317 1950 tione
339 1884 489 1949 confisum
512 1903 585 1963 esse,
608 1884 645 1948 ut
666 1884 847 1967 tragoediae
869 1885 950 1950 ratio
965 1885 1129 1966 postulat?
1162 1886 1211 1950 Ad
1228 1904 1381 1950 summam

231 1988 330 2070 igitur
352 1986 517 2051 didicimus
540 1986 622 2050 hunc
644 1986 804 2049 centonem
827 1985 938 2066 pannis
961 1986 1097 2068 undique
1112 1986 1311 2070 neglegenter·
1328 1985 1381 2050 ad-

232 2089 313 2152 sutis
335 2087 452 2152 fartum
475 2085 514 2151 ad
537 2086 783 2169 qualemcunque
804 2087 998 2169 tragoediam
1014 2087 1252 2152 instaurandam
1267 2086 1382 2151 nullius

231 2189 323 2270 pretii
345 2207 417 2252 esse.

332 2289 467 2353 Transeo
489 2288 528 2352 ad
553 2288 724 2352 Diodorum
757 2288 826 2368 (IV,
850 2289 918 2368 62);
953 2289 1006 2371 qui
1037 2289 1103 2354 sive
1134 2291 1198 2370 ipse
1228 2289 1294 2354 sive
1319 2289 1413 2370 ille,-

231 2409 320 2472 quem
354 2389 510 2464 describit,
544 2407 614 2454 cum
644 2389 750 2453 omnia
784 2388 823 2453 ad
850 2390 998 2454 historiae
1024 2389 1261 2454 similitudinem
1292 2408 1381 2456 revo-

230 2507 301 2554 care
326 2488 473 2565 studeret,
505 2488 653 2554 mirificas
682 2490 879 2555 machinatus
901 2491 947 2555 est
969 2491 1138 2570 machinas,
1169 2509 1248 2573 quae
1275 2491 1379 2555 tamen

232 2608 337 2654 omnes
366 2589 398 2652 in
426 2589 589 2654 manifesta
622 2591 715 2654 unius
742 2591 924 2673 exemplaris
955 2591 1174 2673 depravatione
1196 2591 1379 2673 deprehendi

230 2690 367 2770 possunt.
412 2689 542 2754 Initium
573 2692 763 2755 narrationis
794 2692 952 2757 evidenter
985 2712 1020 2757 ex
1053 2692 1218 2774 Euripidae
1250 2693 1379 2775 prologo

230 2789 447 2872 depromptum
469 2791 530 2855 est:
564 2786 682 2872 μικρόν
704 2791 732 2855 d'
755 2785 891 2874 ὕστερον
910 2786 1108 2857 Ἱππολύτου
1136 2787 1381 2870 ἐπανελθόντος

216 2885 277 2967 ἐἰς
303 2885 361 2967 τὰς
389 2880 535 2975 Ἀθήνας
562 2887 649 2974 πρός
679 2887 721 2956 τὰ
746 2889 918 2982 μυστήρια,
954 2893 1077 2980 Φαίδρα
1108 2889 1162 2958 διὰ
1192 2889 1230 2958 τό
1262 2893 1380 2971 κάλλος

229 2990 411 3074 ἐρασθεῖσα
432 2982 532 3056 αὐτοῦ
554 2991 631 3058 τότε
652 2992 711 3076 μὲν
733 2986 942 3073 ἄπελθόντσς
965 2992 1012 3072 εἰς
1038 2996 1198 3081 Τροιζῆνα
1224 2989 1378 3077 ἱόρόσατο

229 3087 319 3174 ἱερόν
338 3091 540 3178 Ἀφροδίτης
561 3088 651 3178 παρὰ
672 3090 731 3184 τὴν
752 3087 945 3179 ἀκρόπολιν,
979 3091 1063 3162 ὅθεν
1084 3083 1123 3187 ἦν
1149 3099 1299 3179 καθορᾶν
1320 3091 1380 3179 τήν

234 3194 402 3278 Τροιζῆνα,
433 3190 572 3277 ὕστερον
595 3193 631 3260 δὲ
653 3197 745 3279 παρὰ
766 3198 813 3283 τῷ
833 3202 961 3263 Πιτθεῖ
982 3194 1065 3281 μετὰ
1085 3201 1144 3263 τοῦ
1169 3197 1303 3283 Θησέως
1324 3220 1381 3261 κα-

229 3292 393 3360 ταλύσασα
416 3285 507 3382 ἠξίου
529 3290 587 3361 τόν
600 3291 797 3364 Ἱππόλυτον
810 3301 942 3384 μιγῆναι
957 3291 1050 3388 adep.
1076 3300 1264 3366 Adcuratius
1280 3301 1378 3382 igitur

230 3414 323 3478 quam
353 3396 552 3479 Asclepiades
584 3399 730 3465 describit
762 3401 869 3484 templi
902 3387 1137 3479 dedicationem,
1173 3401 1293 3484 plenius
1325 3401 1380 3466 dat

230 3496 386 3579 Euripidis
421 3517 450 3562 v.
473 3500 515 3563 24
537 3518 582 3582 sq.
611 3503 703 3567 antea
735 3521 978 3568 commemorans
1007 3502 1214 3588 Hippolytum
1239 3502 1380 3568 Athenas

229 3597 268 3662 ad
296 3600 444 3683 mysteria
473 3601 600 3674 visenda
627 3602 799 3684 profectum
832 3621 910 3679 esse3
943 3603 1108 3668 manifesto
1140 3603 1272 3685 denique
1297 3603 1378 3668 idem

228 3699 416 3765 narrationis
431 3721 614 3786 progressus
636 3705 683 3768 est
691 3707 712 3769 ².
755 3705 859 3786 Atque
880 3705 957 3769 haec
978 3705 1083 3769 omnia
1105 3705 1239 3769 maxime
1260 3723 1380 3786 premo;

228 3801 372 3884 namqui
395 3820 466 3867 eum
482 3803 645 3869 Wheelero
662 3806 695 3886 (l.
712 3806 732 3871 l.
755 3825 784 3888 p.
800 3803 854 3889 46)
876 3804 1068 3870 contendunt
1090 3805 1262 3870 Diodorum
1283 3804 1379 3869 iubis

330 4081 338 4112 ¹
358 4079 529 4136 commutati
547 4083 705 4153 argumenti
722 4087 825 4140 nutura
842 4084 895 4138 hoc
911 4084 1016 4154 vincit;
1040 4083 1171 4154 quocirca
1192 4099 1268 4150 cave,
1288 4098 1323 4136 ne
1342 4074 1378 4134 ob

227 4165 300 4307 hergo
317 4183 377 4220 rem
397 4166 543 4238 Sophoclis
566 4170 691 4226 fabulam
717 4177 817 4242 poetae
835 4172 962 4228 Romano
984 4172 1058 4226 inter
1080 4175 1178 4226 manui
1206 4171 1293 4225 fuisse
1314 4185 1378 4224 eon·

227 4255 271 4310 clu
293 4271 331 4309 as.

327 4342 436 4399 ²Siout
453 4345 603 4417 Euripides
626 4353 662 4416 (v.
684 4320 729 4418 ll)
750 4351 888 4406 Diodorus
913 4336 1012 4405 narrat
1031 4350 1217 4420 Hippolytum
1236 4349 1378 4404 Troezene

226 4431 375 4487 educatum
394 4449 460 4504 esse,
480 4437 528 4492 sed
541 4435 616 4508 παρὰ
628 4445 685 4499 τοῖς
698 4445 809 4512 Αἴθρας
819 4435 959 4512 ἀδελφοῖς.
980 4439 1060 4496 Unde
1073 4440 1125 4496 hoc
1137 4440 1248 4508 habeat,
1267 4439 1376 4509 ignoro.
