3154 5076
809 406 845 461 46

252 579 412 664 Sophoclis
433 579 652 645 auctoritatem
675 575 877 654 occaluisse,
900 574 1111 658 utlluripides
1133 578 1239 660 postea
1262 577 1403 643 fabulam

251 701 339 748 suam
360 682 546 747 retractaret
568 679 856 745 atmoderatiorem
879 677 1054 743 Phaedram
1078 680 1262 762 proponeret
1273 683 1293 743 ¹.
1336 679 1404 744 Ita-

252 805 310 868 que
332 785 456 851 tantum
479 780 635 861 abortui
658 798 728 844 cum
750 778 943 844 Welehero
934 799 968 844 rn
991 778 1051 860 hg.
1074 782 1153 845 615·

258 907 260 914 ⁴
400 875 495 966 αἴσχη
517 879 585 964 μέν,
609 866 637 944 ai
659 883 817 964 porcinas,
840 871 958 944 οὐδ”
936 902 976 942 αν
998 869 1049 957 εἷς
1032 883 1168 967 ςφδγοι

400 983 530 1103 βροτῶν
551 981 646 1060 ποθ’,
671 965 771 1066 pisci
792 974 916 1057 Ζεδς
900 976 1072 1102 εφορμήση
1094 977 1191 1048 κακά·

401 1081 518 1161 νόσους
539 1072 609 1146 δ”
588 1076 710 1166 ανάγκη
731 1079 791 1159 τοὶς
811 1081 995 1166 θεηλάτους
1017 1082 1130 1168 φέρειν

252 1187 415 1254 audaciam
442 1185 598 1269 quandam
627 1203 807 1266 agnoscam,
841 1203 920 1266 quae
949 1184 1132 1250 lihidinibus
1164 1186 1400 1252 simulationum

251 1289 413 1357 involucra
424 1285 664 1369 circumspiciat,
689 1290 724 1350 ut
744 1287 870 1350 tantum
890 1285 1030 1350 animum
1046 1286 1193 1352 devotum
1212 1289 1243 1354 et
1257 1289 1399 1354 sedatum

252 1389 423 1474 significari
446 1388 576 1469 videam,
599 1386 653 1469 qui
673 1386 757 1451 mala
779 1387 931 1451 divinitus
953 1385 1094 1452 immissa
1109 1389 1265 1470 patienter
1278 1390 1399 1454 toleret.

253 1491 334 1557 Cave
356 1509 394 1554 ne
415 1488 559 1553 altiorem
580 1505 703 1551 sensum
734 1486 781 1550 his
808 1487 908 1551 verbis
935 1486 1080 1567 subicias,
1114 1506 1184 1553 cum
1213 1489 1251 1554 de
1281 1488 1400 1555 ferendi

251 1595 303 1659 via
327 1611 365 1658 ac
385 1590 506 1656 ratione
529 1607 557 1654 ν.
580 1589 600 1652 3
623 1587 699 1651 nihil
727 1587 940 1669 significatum
969 1587 1011 1651 sit
1043 1588 1095 1663 (cf.
1119 1589 1193 1654 Eur.
1216 1589 1289 1672 Hip.
1314 1590 1400 1668 398).

251 1695 367 1760 Eadem
401 1693 505 1756 autem
537 1688 709 1770 tranquilla
742 1687 851 1753 iudicii
884 1688 1044 1770 aequitate
1076 1689 1224 1756 Deianira
1254 1688 1400 1754 Herculis

251 1812 387 1862 amorem
402 1790 528 1858 excuset
542 1788 647 1872 (Soph.
663 1787 774 1853 Trach.
789 1789 850 1852 441
868 1787 939 1871 sq).
977 1788 1027 1853 Ad
1049 1808 1203 1855 summam
1225 1791 1324 1874 igitur
1345 1810 1400 1854 ue-

251 1887 325 1982 gare
354 1894 454 1959 ausim
480 1891 659 1973 Sophoclem
687 1890 787 1972 ipsam
809 1888 930 1953 foedam
965 1890 1079 1954 amoris
1112 1892 1332 1956 confessionem
1365 1889 1399 1955 in

250 2015 394 2063 scaenam
416 1992 585 2059 admisisse.
618 1991 680 2055 Hic
702 1990 806 2072 potius
828 1991 937 2053 auctor
960 1990 1035 2068 erat,
1058 2009 1150 2073 quem
1167 1991 1328 2074 Euripides
1351 1991 1399 2056 ia-

251 2098 356 2164 hulam
380 2095 553 2160 retractans
575 2091 662 2174 sequi
681 2090 794 2173 posset,
826 2089 900 2154 lieet
921 2091 954 2154 in
984 2091 1054 2156 aliis
1085 2092 1176 2156 rebus
1199 2091 1331 2156 invicem
1358 2090 1399 2154 ad

251 2199 383 2282 priorem
405 2195 520 2260 aemuli
535 2192 673 2258 fabulam
696 2211 728 2256 se
742 2190 941 2273 applicuerit;
964 2210 1035 2256 nam
1048 2192 1199 2257 Theseum
1215 2191 1397 2274 Sophoclem

252 2317 373 2384 quoque
401 2297 440 2361 ab
466 2295 573 2360 inieris
602 2293 780 2358 redeuntem
803 2291 926 2356 finiisse
952 2293 1012 2375 lrg.
1036 2293 1097 2357 620
1125 2294 1247 2376 probat,
1280 2294 1316 2356 ut
1337 2291 1397 2356 Leo

251 2396 506 2466 demonstravitt
545 2395 661 2459 Theseo
684 2393 783 2457 filium
807 2391 987 2457 criminanti
1010 2392 1123 2475 siquis
1145 2411 1216 2457 cum
1238 2391 1398 2457 Welclrero

250 2501 309 2581 frg.
332 2500 394 2564 618
415 2496 569 2573 tribuerit,
592 2512 652 2559 non
669 2510 793 2576 prorsus
808 2493 960 2575 retragem
984 2493 1144 2577 eidemque
1166 2492 1321 2576 assignari
1343 2512 1398 2575 po·

250 2600 312 2664 test
333 2598 392 2680 lrg.
416 2597 475 2660 inc.
495 2597 565 2660 810.
601 2594 741 2677 Reliquis
763 2595 867 2658 autem
890 2593 1076 2676 fragmentis
1099 2593 1138 2658 ad
1161 2593 1248 2658 filum
1273 2593 1397 2659 fabulae

249 2697 467 2784 pertexendam
489 2695 577 2761 abuti
599 2695 697 2777 poetis
720 2694 821 2770 liceat,
844 2693 946 2758 critici
967 2693 1017 2758 hic
1040 2694 1220 2759 consistant.

350 2798 433 2863 Hinc
455 2798 599 2861 converto
622 2816 671 2861 me
690 2794 729 2860 ad
744 2795 850 2860 breves
866 2795 990 2859 nostrae
1005 2793 1130 2860 fabulae
1146 2795 1397 2860 narratiunculas

248 2999 400 3082 clepiades
414 3000 528 3076 autem,
552 2998 605 3081 qui
622 3016 715 3062 causa
729 2997 890 3080 incognita
906 2995 997 3060 modo
1018 2996 1184 3061 damnatus
1205 2997 1261 3075 est,
1283 3013 1395 3078 agmen

248 3101 352 3177 ducat,
375 3117 412 3163 ne
434 3098 567 3179 amplius
583 3099 700 3164 malurn
716 3097 837 3162 excitet.
877 3096 935 3161 Ille
951 3095 1050 3178 igitur
1065 3096 1103 3160 de
1119 3095 1277 3160 Phaedrae
1292 3115 1396 3161 amoro

248 3202 331 3266 iram
356 3197 481 3282 Φαίδρα
496 3197 531 3262 δὲ
553 3195 715 3281 ἐριστικῶς
731 3197 923 3260 διατεθεῖσα
938 3196 997 3259 τοῦ
1010 3193 1217 3273 Ἱππολύτου,
1239 3195 1397 3282 σφοδρῶς

249 3299 300 3366 ἔντ’
324 3293 415 3386 αδτῴ
430 3300 587 3384 τηκομένη
608 3294 646 3362 τὸ
669 3297 729 3381 μὲν
750 3298 885 3380 πρῶτον
906 3291 997 3379 ἳερδν
1017 3286 1218 3382 Ἀφροδίτης
1240 3294 1273 3361 ἐν
1292 3291 1395 3381 Ἀθη-

248 3425 316 3478 ναις
344 3393 498 3482 ἱδρύσατο
525 3393 563 3463 τδ
593 3399 649 3464 νῦν
673 3392 899 3462 ‘immeditatos
926 3391 1143 3482 καλρύμενον,
1183 3416 1262 3480 quae
1293 3397 1395 3462 minus

349 3559 546 3630 ¹Sophocleae
569 3559 681 3614 fabulae
705 3559 868 3613 memoriam
893 3557 949 3612 iam
975 3562 1036 3612 tum
1059 3558 1144 3628 vulgo
1171 3558 1283 3627 quidem
1311 3557 1394 3612 oblit

247 3652 366 3704 teretem
383 3649 469 3702 fuisse
488 3666 544 3702 non
561 3666 641 3719 nego.
679 3650 719 3702 At
737 3649 833 3718 agitur
851 3647 886 3701 de
910 3646 1014 3701 comico
1040 3646 1101 3700 viro
1124 3646 1330 3714 quodammodo
1348 3647 1394 3700 lit·

247 3742 347 3791 tereto.
370 3767 399 3776 —
420 3735 550 3790 Welcker
569 3742 663 3791 autem
683 3739 717 3806 (p.
730 3738 782 3790 743
793 3736 846 3805 sq.)
865 3753 994 3805 perverse
1012 3735 1053 3789 ita
1072 3739 1295 3805 argumentatur,
1315 3735 1394 3803 quasi

247 3824 391 3894 Sophoclis
410 3827 543 3893 proterva
562 3825 803 3892 immoderateque
816 3823 944 3878 Phaedra
960 3823 1071 3894 fulgora
1084 3823 1221 3878 claritatis
1234 3839 1300 3877 suae
1312 3810 1394 3876 ituri-

246 3911 320 3982 pidis
338 3912 461 3981 priorem
474 3910 629 3966 Phaedram
649 3911 790 3966 oblivione
802 3911 871 3965 adeo
890 3911 1025 3979 obruerit,
1045 3916 1078 3964 ut
1090 3911 1138 3964 ille
1150 3911 1207 3965 iam
1219 3910 1394 3965 moderatam

246 4000 409 4069 animosque
427 3999 607 4054 miseratione
625 4004 783 4054 moventem
804 3999 960 4054 Phaedram
980 3998 1107 4070 fingeret.

347 4088 408 4142 ²1..
427 4089 445 4142 l.
465 4106 492 4157 p.
514 4089 577 4157 179;
597 4088 633 4142 cf.
652 4087 839 4142 Wilamowitz
858 4087 952 4141 Herm.
972 4087 1022 4140 XV
1041 4105 1069 4156 p.
1089 4089 1141 4141 483
1161 4087 1211 4157 (3).

348 4174 465 4230 ⁸Schol.
491 4176 572 4230 Hom.
597 4179 620 4228 l.
640 4178 702 4231 321.
744 4176 846 4229 Miiller
865 4175 896 4229 F.
915 4175 949 4228 Η.
969 4175 1000 4229 G.
1021 4175 1060 4228 111
1089 4192 1117 4244 p.
1137 4178 1198 4229 305.
1240 4175 1393 4230 Brevitatis

245 4281 328 4318 causa
345 4264 518 4332 Asclepiadis
537 4282 638 4318 nomeu
656 4266 773 4326 retineo,
804 4281 964 4332 quanquam
982 4264 1039 4317 scio
1068 4262 1111 4316 his
1140 4263 1393 4333 subscriptionibus

244 4354 350 4406 nullam
370 4351 454 4407 fidem
475 4352 633 4407 habendam
657 4370 728 4422 esse;
758 4352 794 4410 cf.
813 4351 954 4407 Schwartz
974 4352 1009 4406 de
1028 4351 1113 4406 schol.
1133 4351 1214 4405 Hom.
1233 4368 1261 4421 p.
1280 4354 1333 4406 444
1351 4369 1392 4420 sq.

245 4444 298 4498 452
317 4459 358 4512 sq.
