<?xml version="1.0" encoding="UTF-8"?>
<!DOCTYPE html PUBLIC "-//W3C//DTD XHTML 1.0 Transitional//EN"
    "http://www.w3.org/TR/xhtml1/DTD/xhtml1-transitional.dtd">
<html xmlns="http://www.w3.org/1999/xhtml" xml:lang="en" lang="en">
 <head>
  <title>
</title>
<meta http-equiv="Content-Type" content="text/html;charset=utf-8" />
  <meta name='ocr-system' content='tesseract 3.04.00' />
  <meta name='ocr-capabilities' content='ocr_page ocr_carea ocr_par ocr_line ocrx_word'/>
</head>
<body>
  <div class='ocr_page' id='page_1' title='image "./dehippolytiseur00kalkgoog_0041.png"; bbox 0 0 3154 5076; ppageno 0'>
   <div class='ocr_carea' id='block_1_1' title="bbox 725 405 849 482">
    <p class='ocr_par' dir='ltr' id='par_1_1' title="bbox 725 405 849 482">
     <span class='ocr_line' id='line_1_1' title="bbox 725 405 849 482; baseline 0.008 -24"><span class='ocrx_word' id='word_1_1' title='bbox 725 405 849 482; x_wconf 32' lang='lat' dir='ltr'>,ae</span> 
     </span>
    </p>
   </div>
   <div class='ocr_carea' id='block_1_2' title="bbox 257 575 1425 2578">
    <p class='ocr_par' dir='ltr' id='par_1_2' title="bbox 257 575 1425 1365">
     <span class='ocr_line' id='line_1_2' title="bbox 257 575 1404 661; baseline 0.003 -23"><span class='ocrx_word' id='word_1_2' title='bbox 257 593 385 641; x_wconf 89' lang='lat' dir='ltr'>manum</span> <span class='ocrx_word' id='word_1_3' title='bbox 418 575 601 659; x_wconf 77' lang='lat' dir='ltr'><strong>compilasse</strong></span> <span class='ocrx_word' id='word_1_4' title='bbox 638 577 688 642; x_wconf 92' lang='lat' dir='ltr'>vel</span> <span class='ocrx_word' id='word_1_5' title='bbox 723 576 795 641; x_wconf 88' lang='lat' dir='ltr'>inde</span> <span class='ocrx_word' id='word_1_6' title='bbox 831 578 945 658; x_wconf 91' lang='lat' dir='ltr'>elucet,</span> <span class='ocrx_word' id='word_1_7' title='bbox 983 577 1065 661; x_wconf 92' lang='lat' dir='ltr'>quod</span> <span class='ocrx_word' id='word_1_8' title='bbox 1107 576 1212 640; x_wconf 92' lang='lat' dir='ltr'>nutrix</span> <span class='ocrx_word' id='word_1_9' title='bbox 1245 595 1329 641; x_wconf 92' lang='lat' dir='ltr'>eram</span> <span class='ocrx_word' id='word_1_10' title='bbox 1367 575 1404 641; x_wconf 89' lang='lat' dir='ltr'>de</span> 
     </span>
     <span class='ocr_line' id='line_1_3' title="bbox 258 676 1404 760; baseline 0.002 -20"><span class='ocrx_word' id='word_1_11' title='bbox 258 694 363 741; x_wconf 88' lang='lat' dir='ltr'>amore</span> <span class='ocrx_word' id='word_1_12' title='bbox 383 676 416 741; x_wconf 92' lang='lat' dir='ltr'>in</span> <span class='ocrx_word' id='word_1_13' title='bbox 439 678 618 743; x_wconf 90' lang='lat' dir='ltr'>universum</span> <span class='ocrx_word' id='word_1_14' title='bbox 640 679 769 744; x_wconf 81' lang='lat' dir='ltr'>obscure</span> <span class='ocrx_word' id='word_1_15' title='bbox 790 679 928 743; x_wconf 90' lang='lat' dir='ltr'>locutam</span> <span class='ocrx_word' id='word_1_16' title='bbox 948 679 1072 743; x_wconf 90' lang='lat' dir='ltr'>nomine</span> <span class='ocrx_word' id='word_1_17' title='bbox 1100 679 1175 757; x_wconf 90' lang='lat' dir='ltr'>eius,</span> <span class='ocrx_word' id='word_1_18' title='bbox 1199 696 1290 760; x_wconf 89' lang='lat' dir='ltr'>quem</span> <span class='ocrx_word' id='word_1_19' title='bbox 1314 676 1404 759; x_wconf 91' lang='lat' dir='ltr'>depe·</span> 
     </span>
     <span class='ocr_line' id='line_1_4' title="bbox 258 776 1405 863; baseline 0.002 -23"><span class='ocrx_word' id='word_1_20' title='bbox 258 781 335 860; x_wconf 87' lang='lat' dir='ltr'>reat,</span> <span class='ocrx_word' id='word_1_21' title='bbox 368 776 503 843; x_wconf 91' lang='lat' dir='ltr'>nondum</span> <span class='ocrx_word' id='word_1_22' title='bbox 527 779 665 845; x_wconf 90' lang='lat' dir='ltr'>indicato</span> <span class='ocrx_word' id='word_1_23' title='bbox 693 780 799 844; x_wconf 90' lang='lat' dir='ltr'>monet</span> <span class='ocrx_word' id='word_1_24' title='bbox 820 799 849 844; x_wconf 94' lang='lat' dir='ltr'>v.</span> <span class='ocrx_word' id='word_1_25' title='bbox 869 781 928 843; x_wconf 83' lang='lat'>130</span> <span class='ocrx_word' id='word_1_26' title='bbox 951 798 1006 863; x_wconf 76' lang='lat' dir='ltr'>sq,</span> <span class='ocrx_word' id='word_1_27' title='bbox 1030 780 1066 843; x_wconf 90' lang='lat' dir='ltr'>ut</span> <span class='ocrx_word' id='word_1_28' title='bbox 1089 778 1223 844; x_wconf 90' lang='lat' dir='ltr'>nefanda</span> <span class='ocrx_word' id='word_1_29' title='bbox 1244 780 1329 843; x_wconf 90' lang='lat' dir='ltr'>casto</span> <span class='ocrx_word' id='word_1_30' title='bbox 1353 797 1405 860; x_wconf 93' lang='lat' dir='ltr'>pe·</span> 
     </span>
     <span class='ocr_line' id='line_1_5' title="bbox 259 875 1425 962; baseline 0.002 -20"><span class='ocrx_word' id='word_1_31' title='bbox 259 877 343 942; x_wconf 90' lang='lat' dir='ltr'>ctore</span> <span class='ocrx_word' id='word_1_32' title='bbox 358 879 509 944; x_wconf 81' lang='lat' dir='ltr'>exturbet.</span> <span class='ocrx_word' id='word_1_33' title='bbox 535 879 603 943; x_wconf 91' lang='lat' dir='ltr'>Hoc</span> <span class='ocrx_word' id='word_1_34' title='bbox 619 879 698 944; x_wconf 90' lang='lat' dir='ltr'>citra</span> <span class='ocrx_word' id='word_1_35' title='bbox 712 898 828 944; x_wconf 87' lang='lat' dir='ltr'>morem</span> <span class='ocrx_word' id='word_1_36' title='bbox 845 878 955 944; x_wconf 83' lang='lat' dir='ltr'>Graeci</span> <span class='ocrx_word' id='word_1_37' title='bbox 969 881 1087 962; x_wconf 88' lang='lat' dir='ltr'>poetae,</span> <span class='ocrx_word' id='word_1_38' title='bbox 1110 879 1163 962; x_wconf 90' lang='lat' dir='ltr'>qui</span> <span class='ocrx_word' id='word_1_39' title='bbox 1180 879 1242 944; x_wconf 82' lang='lat' dir='ltr'>iere</span> <span class='ocrx_word' id='word_1_40' title='bbox 1264 879 1304 944; x_wconf 92' lang='lat' dir='ltr'>ad</span> <span class='ocrx_word' id='word_1_41' title='bbox 1327 898 1404 944; x_wconf 89' lang='lat' dir='ltr'>nau·</span> <span class='ocrx_word' id='word_1_42' title='bbox 1423 875 1425 883; x_wconf 76' lang='grc'>’</span> 
     </span>
     <span class='ocr_line' id='line_1_6' title="bbox 258 979 1405 1063; baseline 0.003 -21"><span class='ocrx_word' id='word_1_43' title='bbox 258 997 341 1043; x_wconf 89' lang='lat' dir='ltr'>seam</span> <span class='ocrx_word' id='word_1_44' title='bbox 365 997 462 1062; x_wconf 87' lang='lat' dir='ltr'>usque</span> <span class='ocrx_word' id='word_1_45' title='bbox 484 980 517 1043; x_wconf 93' lang='lat' dir='ltr'>in</span> <span class='ocrx_word' id='word_1_46' title='bbox 538 979 585 1044; x_wconf 90' lang='lat' dir='ltr'>his</span> <span class='ocrx_word' id='word_1_47' title='bbox 607 980 698 1045; x_wconf 91' lang='lat' dir='ltr'>rebus</span> <span class='ocrx_word' id='word_1_48' title='bbox 720 980 884 1044; x_wconf 89' lang='lat' dir='ltr'>accuratus</span> <span class='ocrx_word' id='word_1_49' title='bbox 906 981 967 1044; x_wconf 70' lang='lat' dir='ltr'>esti</span> <span class='ocrx_word' id='word_1_50' title='bbox 1006 981 1111 1063; x_wconf 85' lang='lat' dir='ltr'>Atque</span> <span class='ocrx_word' id='word_1_51' title='bbox 1133 999 1244 1062; x_wconf 89' lang='lat' dir='ltr'>parum</span> <span class='ocrx_word' id='word_1_52' title='bbox 1271 981 1405 1045; x_wconf 90' lang='lat' dir='ltr'>circum·</span> 
     </span>
     <span class='ocr_line' id='line_1_7' title="bbox 258 1073 1406 1163; baseline 0 -19"><span class='ocrx_word' id='word_1_53' title='bbox 258 1080 359 1162; x_wconf 90' lang='lat' dir='ltr'>specte</span> <span class='ocrx_word' id='word_1_54' title='bbox 381 1081 497 1148; x_wconf 83' lang='lat' dir='ltr'>Seneca</span> <span class='ocrx_word' id='word_1_55' title='bbox 518 1098 642 1144; x_wconf 90' lang='lat' dir='ltr'>versum</span> <span class='ocrx_word' id='word_1_56' title='bbox 664 1080 739 1144; x_wconf 81' lang='lat'><strong>227:</strong></span> <span class='ocrx_word' id='word_1_57' title='bbox 759 1073 901 1161; x_wconf 88' lang='lat' dir='ltr'>‘experta</span> <span class='ocrx_word' id='word_1_58' title='bbox 916 1099 1041 1145; x_wconf 90' lang='lat' dir='ltr'>saevam</span> <span class='ocrx_word' id='word_1_59' title='bbox 1061 1081 1107 1144; x_wconf 88' lang='lat' dir='ltr'>est</span> <span class='ocrx_word' id='word_1_60' title='bbox 1122 1080 1253 1145; x_wconf 88' lang='lat' dir='ltr'>barbara</span> <span class='ocrx_word' id='word_1_61' title='bbox 1271 1081 1406 1163; x_wconf 77' lang='lat' dir='ltr'>Antiope</span> 
     </span>
     <span class='ocr_line' id='line_1_8' title="bbox 257 1180 1405 1259; baseline 0 -13"><span class='ocrx_word' id='word_1_62' title='bbox 257 1182 397 1246; x_wconf 90' lang='lat' dir='ltr'>manum’</span> <span class='ocrx_word' id='word_1_63' title='bbox 422 1181 537 1247; x_wconf 84' lang='lat' dir='ltr'>nutrici</span> <span class='ocrx_word' id='word_1_64' title='bbox 559 1181 681 1259; x_wconf 87' lang='lat' dir='ltr'>tribuit,</span> <span class='ocrx_word' id='word_1_65' title='bbox 705 1199 773 1245; x_wconf 91' lang='lat' dir='ltr'>oum</span> <span class='ocrx_word' id='word_1_66' title='bbox 800 1181 929 1246; x_wconf 85' lang='lat' dir='ltr'>Ovidius</span> <span class='ocrx_word' id='word_1_67' title='bbox 952 1201 981 1246; x_wconf 90' lang='lat' dir='ltr'>v.</span> <span class='ocrx_word' id='word_1_68' title='bbox 996 1181 1056 1246; x_wconf 89' lang='grc'>119</span> <span class='ocrx_word' id='word_1_69' title='bbox 1078 1180 1170 1246; x_wconf 89' lang='lat' dir='ltr'>fidem</span> <span class='ocrx_word' id='word_1_70' title='bbox 1192 1181 1290 1246; x_wconf 88' lang='lat' dir='ltr'>faciat</span> <span class='ocrx_word' id='word_1_71' title='bbox 1310 1181 1343 1245; x_wconf 90' lang='lat' dir='ltr'>id</span> <span class='ocrx_word' id='word_1_72' title='bbox 1365 1181 1405 1246; x_wconf 91' lang='lat' dir='ltr'>ad</span> 
     </span>
     <span class='ocr_line' id='line_1_9' title="bbox 259 1281 1404 1365; baseline 0 -18"><span class='ocrx_word' id='word_1_73' title='bbox 259 1283 463 1348; x_wconf 82' lang='lat' dir='ltr'>contumelias</span> <span class='ocrx_word' id='word_1_74' title='bbox 483 1281 646 1364; x_wconf 88' lang='lat' dir='ltr'>pertinere,</span> <span class='ocrx_word' id='word_1_75' title='bbox 679 1281 791 1365; x_wconf 89' lang='lat' dir='ltr'>quibus</span> <span class='ocrx_word' id='word_1_76' title='bbox 813 1281 955 1347; x_wconf 91' lang='lat' dir='ltr'>Phaedra</span> <span class='ocrx_word' id='word_1_77' title='bbox 981 1282 1014 1345; x_wconf 94' lang='lat' dir='ltr'>in</span> <span class='ocrx_word' id='word_1_78' title='bbox 1036 1281 1185 1346; x_wconf 88' lang='lat' dir='ltr'>maritum</span> <span class='ocrx_word' id='word_1_79' title='bbox 1208 1282 1366 1347; x_wconf 92' lang='lat' dir='ltr'>invehitur</span> <span class='ocrx_word' id='word_1_80' title='bbox 1384 1286 1404 1348; x_wconf 91' lang='lat'>¹.</span> 
     </span>
    </p>

    <p class='ocr_par' dir='ltr' id='par_1_3' title="bbox 257 1381 1406 1968">
     <span class='ocr_line' id='line_1_10' title="bbox 358 1381 1405 1449; baseline 0.002 -2"><span class='ocrx_word' id='word_1_81' title='bbox 358 1383 531 1448; x_wconf 81' lang='lat' dir='ltr'>Phaedram</span> <span class='ocrx_word' id='word_1_82' title='bbox 555 1384 794 1448; x_wconf 86' lang='lat' dir='ltr'>marcescentem</span> <span class='ocrx_word' id='word_1_83' title='bbox 817 1381 967 1447; x_wconf 89' lang='lat' dir='ltr'>desiderio</span> <span class='ocrx_word' id='word_1_84' title='bbox 998 1383 1087 1448; x_wconf 90' lang='lat' dir='ltr'>rebus</span> <span class='ocrx_word' id='word_1_85' title='bbox 1120 1383 1270 1448; x_wconf 88' lang='lat' dir='ltr'>inauditis</span> <span class='ocrx_word' id='word_1_86' title='bbox 1297 1382 1405 1449; x_wconf 92' lang='lat' dir='ltr'>incon·</span> 
     </span>
     <span class='ocr_line' id='line_1_11' title="bbox 257 1483 1406 1568; baseline 0.002 -20"><span class='ocrx_word' id='word_1_87' title='bbox 257 1486 378 1550; x_wconf 92' lang='lat' dir='ltr'>stanter</span> <span class='ocrx_word' id='word_1_88' title='bbox 410 1485 617 1567; x_wconf 86' lang='lat' dir='ltr'>effrenateque</span> <span class='ocrx_word' id='word_1_89' title='bbox 649 1484 793 1567; x_wconf 89' lang='lat' dir='ltr'>optandis</span> <span class='ocrx_word' id='word_1_90' title='bbox 820 1483 1059 1549; x_wconf 85' lang='lat' dir='ltr'>debacchantem</span> <span class='ocrx_word' id='word_1_91' title='bbox 1095 1483 1127 1548; x_wconf 95' lang='lat' dir='ltr'>in</span> <span class='ocrx_word' id='word_1_92' title='bbox 1160 1485 1262 1566; x_wconf 90' lang='lat' dir='ltr'>priore</span> <span class='ocrx_word' id='word_1_93' title='bbox 1284 1502 1406 1568; x_wconf 91' lang='lat' dir='ltr'>quoque</span> 
     </span>
     <span class='ocr_line' id='line_1_12' title="bbox 259 1583 1405 1667; baseline 0.001 -18"><span class='ocrx_word' id='word_1_94' title='bbox 259 1583 366 1650; x_wconf 84' lang='lat' dir='ltr'>fabula</span> <span class='ocrx_word' id='word_1_95' title='bbox 398 1585 585 1667; x_wconf 86' lang='lat' dir='ltr'>descriptam</span> <span class='ocrx_word' id='word_1_96' title='bbox 625 1603 689 1650; x_wconf 88' lang='lat' dir='ltr'>esse</span> <span class='ocrx_word' id='word_1_97' title='bbox 721 1603 782 1649; x_wconf 90' lang='lat' dir='ltr'>non</span> <span class='ocrx_word' id='word_1_98' title='bbox 818 1587 865 1648; x_wconf 89' lang='lat' dir='ltr'>est</span> <span class='ocrx_word' id='word_1_99' title='bbox 902 1602 958 1647; x_wconf 91' lang='lat' dir='ltr'>cur</span> <span class='ocrx_word' id='word_1_100' title='bbox 992 1603 1148 1667; x_wconf 85' lang='lat' dir='ltr'>negemus.</span> <span class='ocrx_word' id='word_1_101' title='bbox 1207 1584 1405 1651; x_wconf 87' lang='lat' dir='ltr'>Valckenarii</span> 
     </span>
     <span class='ocr_line' id='line_1_13' title="bbox 258 1683 1406 1770; baseline 0.001 -20"><span class='ocrx_word' id='word_1_102' title='bbox 258 1686 436 1750; x_wconf 89' lang='lat' dir='ltr'>coniectura</span> <span class='ocrx_word' id='word_1_103' title='bbox 469 1686 521 1767; x_wconf 91' lang='lat' dir='ltr'>(ad</span> <span class='ocrx_word' id='word_1_104' title='bbox 544 1686 617 1768; x_wconf 91' lang='lat' dir='ltr'>Hip</span> <span class='ocrx_word' id='word_1_105' title='bbox 650 1705 680 1752; x_wconf 92' lang='lat' dir='ltr'>v.</span> <span class='ocrx_word' id='word_1_106' title='bbox 704 1683 779 1770; x_wconf 83' lang='lat'>230)</span> <span class='ocrx_word' id='word_1_107' title='bbox 814 1686 841 1750; x_wconf 93' lang='lat' dir='ltr'>si</span> <span class='ocrx_word' id='word_1_108' title='bbox 872 1688 957 1750; x_wconf 89' lang='lat' dir='ltr'>certa</span> <span class='ocrx_word' id='word_1_109' title='bbox 986 1687 1078 1770; x_wconf 86' lang='lat' dir='ltr'>esset,</span> <span class='ocrx_word' id='word_1_110' title='bbox 1115 1686 1196 1750; x_wconf 91' lang='lat' dir='ltr'>banc</span> <span class='ocrx_word' id='word_1_111' title='bbox 1225 1704 1289 1750; x_wconf 90' lang='lat' dir='ltr'>rem</span> <span class='ocrx_word' id='word_1_112' title='bbox 1319 1687 1406 1751; x_wconf 89' lang='lat' dir='ltr'>extra</span> 
     </span>
     <span class='ocr_line' id='line_1_14' title="bbox 258 1783 1406 1910; baseline 0 -61"><span class='ocrx_word' id='word_1_113' title='bbox 258 1784 348 1850; x_wconf 93' lang='lat' dir='ltr'>dubit</span> <span class='ocrx_word' id='word_1_114' title='bbox 334 1786 463 1850; x_wconf 91' lang='lat' dir='ltr'>tationis</span> <span class='ocrx_word' id='word_1_115' title='bbox 490 1787 590 1852; x_wconf 89' lang='lat' dir='ltr'>aleam</span> <span class='ocrx_word' id='word_1_116' title='bbox 613 1787 747 1868; x_wconf 88' lang='lat' dir='ltr'>poneret.</span> <span class='ocrx_word' id='word_1_117' title='bbox 781 1785 961 1850; x_wconf 89' lang='lat' dir='ltr'>Philocleon</span> <span class='ocrx_word' id='word_1_118' title='bbox 983 1785 1064 1849; x_wconf 83' lang='lat' dir='ltr'>eninr</span> <span class='ocrx_word' id='word_1_119' title='bbox 1086 1783 1198 1869; x_wconf 84' lang='lat' dir='ltr'>(Arist.</span> <span class='ocrx_word' id='word_1_120' title='bbox 1219 1785 1306 1867; x_wconf 90' lang='lat' dir='ltr'>Vesp.</span> <span class='ocrx_word' id='word_1_121' title='bbox 1331 1783 1406 1910; x_wconf 87' lang='grc'>750)</span> 
     </span>
     <span class='ocr_line' id='line_1_15' title="bbox 259 1886 657 1968; baseline 0.003 -19"><span class='ocrx_word' id='word_1_122' title='bbox 259 1886 381 1952; x_wconf 90' lang='lat' dir='ltr'>concita</span> <span class='ocrx_word' id='word_1_123' title='bbox 381 1887 413 1950; x_wconf 89' lang='lat' dir='ltr'>te</span> <span class='ocrx_word' id='word_1_124' title='bbox 434 1886 547 1968; x_wconf 89' lang='lat' dir='ltr'>proicit</span> <span class='ocrx_word' id='word_1_125' title='bbox 568 1888 657 1952; x_wconf 89' lang='lat' dir='ltr'>haec:</span> 
     </span>
    </p>

    <p class='ocr_par' dir='ltr' id='par_1_4' title="bbox 518 1982 1106 2173">
     <span class='ocr_line' id='line_1_16' title="bbox 518 1982 1106 2072; baseline -0.003 -20"><span class='ocrx_word' id='word_1_126' title='bbox 518 1982 564 2072; x_wconf 81' lang='grc' dir='ltr'>μή</span> <span class='ocrx_word' id='word_1_127' title='bbox 587 2011 645 2071; x_wconf 91' lang='grc' dir='ltr'>μοι</span> <span class='ocrx_word' id='word_1_128' title='bbox 667 1983 794 2052; x_wconf 79' lang='grc' dir='ltr'><strong><em>τούτων</em></strong></span> <span class='ocrx_word' id='word_1_129' title='bbox 815 1982 953 2071; x_wconf 66' lang='grc' dir='ltr'><strong><em>μηδέν’</em></strong></span> <span class='ocrx_word' id='word_1_130' title='bbox 936 1996 1106 2070; x_wconf 81' lang='grc' dir='ltr'><strong><em>απισχνοῦ,</em></strong></span> 
     </span>
     <span class='ocr_line' id='line_1_17' title="bbox 519 2085 1083 2173; baseline -0.004 -19"><span class='ocrx_word' id='word_1_131' title='bbox 519 2089 635 2155; x_wconf 88' lang='grc' dir='ltr'><strong><em>κείνων</em></strong></span> <span class='ocrx_word' id='word_1_132' title='bbox 658 2085 786 2173; x_wconf 74' lang='grc' dir='ltr'><strong><em>ἔραμαι,</em></strong></span> <span class='ocrx_word' id='word_1_133' title='bbox 809 2093 902 2155; x_wconf 75' lang='grc' dir='ltr'><strong><em>κεῖθι</em></strong></span> <span class='ocrx_word' id='word_1_134' title='bbox 923 2088 1083 2173; x_wconf 77' lang='grc' dir='ltr'><em>γενοίμαν,</em></span> 
     </span>
    </p>

    <p class='ocr_par' dir='ltr' id='par_1_5' title="bbox 258 2180 1405 2578">
     <span class='ocr_line' id='line_1_18' title="bbox 258 2180 1405 2272; baseline -0.003 -15"><span class='ocrx_word' id='word_1_135' title='bbox 258 2191 427 2257; x_wconf 83' lang='lat' dir='ltr'>scholiasta</span> <span class='ocrx_word' id='word_1_136' title='bbox 449 2191 594 2258; x_wconf 82' lang='lat' dir='ltr'>adnotat:</span> <span class='ocrx_word' id='word_1_137' title='bbox 630 2189 746 2255; x_wconf 84' lang='grc' dir='ltr'><strong><em>κείνων</em></strong></span> <span class='ocrx_word' id='word_1_138' title='bbox 769 2187 902 2272; x_wconf 75' lang='grc' dir='ltr'><strong><em>ἔραμαιτ</em></strong></span> <span class='ocrx_word' id='word_1_139' title='bbox 936 2189 972 2272; x_wconf 78' lang='grc' dir='ltr'>ἐξ</span> <span class='ocrx_word' id='word_1_140' title='bbox 993 2184 1188 2255; x_wconf 73' lang='grc' dir='ltr'><em>Ἱππολύτου</em></span> <span class='ocrx_word' id='word_1_141' title='bbox 1212 2180 1405 2271; x_wconf 73' lang='grc' dir='ltr'><strong><em>Εὐριπίδου.</em></strong></span> 
     </span>
     <span class='ocr_line' id='line_1_19' title="bbox 258 2291 1404 2376; baseline -0.001 -20"><span class='ocrx_word' id='word_1_142' title='bbox 258 2292 294 2356; x_wconf 96' lang='lat' dir='ltr'>In</span> <span class='ocrx_word' id='word_1_143' title='bbox 314 2293 452 2357; x_wconf 87' lang='lat' dir='ltr'>correcta</span> <span class='ocrx_word' id='word_1_144' title='bbox 485 2292 620 2358; x_wconf 86' lang='lat' dir='ltr'>editione</span> <span class='ocrx_word' id='word_1_145' title='bbox 640 2294 716 2358; x_wconf 88' lang='lat' dir='ltr'>haec</span> <span class='ocrx_word' id='word_1_146' title='bbox 738 2312 800 2357; x_wconf 92' lang='lat' dir='ltr'>non</span> <span class='ocrx_word' id='word_1_147' title='bbox 823 2293 989 2376; x_wconf 81' lang='lat' dir='ltr'>leguntur3</span> <span class='ocrx_word' id='word_1_148' title='bbox 1011 2293 1063 2358; x_wconf 87' lang='lat' dir='ltr'>sed</span> <span class='ocrx_word' id='word_1_149' title='bbox 1087 2293 1203 2358; x_wconf 91' lang='lat' dir='ltr'>similia</span> <span class='ocrx_word' id='word_1_150' title='bbox 1226 2311 1253 2358; x_wconf 90' lang='lat' dir='ltr'>v.</span> <span class='ocrx_word' id='word_1_151' title='bbox 1278 2293 1350 2374; x_wconf 88' lang='lat'><strong>230,</strong></span> <span class='ocrx_word' id='word_1_152' title='bbox 1373 2291 1404 2355; x_wconf 89' lang='lat' dir='ltr'>et</span> 
     </span>
     <span class='ocr_line' id='line_1_20' title="bbox 259 2389 1405 2477; baseline -0.002 -19"><span class='ocrx_word' id='word_1_153' title='bbox 259 2394 350 2458; x_wconf 90' lang='lat' dir='ltr'>verbo</span> <span class='ocrx_word' id='word_1_154' title='bbox 377 2389 495 2476; x_wconf 81' lang='grc' dir='ltr'><strong><em>ἔραμαι</em></strong></span> <span class='ocrx_word' id='word_1_155' title='bbox 514 2393 616 2458; x_wconf 90' lang='lat' dir='ltr'>utitur</span> <span class='ocrx_word' id='word_1_156' title='bbox 638 2393 781 2460; x_wconf 90' lang='lat' dir='ltr'>Phaedra</span> <span class='ocrx_word' id='word_1_157' title='bbox 804 2414 832 2460; x_wconf 88' lang='lat' dir='ltr'>v.</span> <span class='ocrx_word' id='word_1_158' title='bbox 856 2395 932 2477; x_wconf 85' lang='lat'><strong>219;</strong></span> <span class='ocrx_word' id='word_1_159' title='bbox 955 2393 1156 2476; x_wconf 90' lang='lat' dir='ltr'>quamobrem</span> <span class='ocrx_word' id='word_1_160' title='bbox 1169 2393 1277 2458; x_wconf 89' lang='lat' dir='ltr'>Valck.</span> <span class='ocrx_word' id='word_1_161' title='bbox 1301 2391 1405 2457; x_wconf 90' lang='lat' dir='ltr'>conie-</span> 
     </span>
     <span class='ocr_line' id='line_1_21' title="bbox 259 2493 1405 2578; baseline 0 -20"><span class='ocrx_word' id='word_1_162' title='bbox 259 2495 302 2558; x_wconf 92' lang='lat' dir='ltr'>cit</span> <span class='ocrx_word' id='word_1_163' title='bbox 333 2513 370 2558; x_wconf 92' lang='lat' dir='ltr'>ex</span> <span class='ocrx_word' id='word_1_164' title='bbox 401 2495 512 2560; x_wconf 90' lang='lat' dir='ltr'>Velato</span> <span class='ocrx_word' id='word_1_165' title='bbox 550 2495 632 2560; x_wconf 94' lang='lat' dir='ltr'>bunc</span> <span class='ocrx_word' id='word_1_166' title='bbox 668 2514 790 2560; x_wconf 91' lang='lat' dir='ltr'>versum</span> <span class='ocrx_word' id='word_1_167' title='bbox 827 2496 961 2578; x_wconf 89' lang='lat' dir='ltr'>petitum</span> <span class='ocrx_word' id='word_1_168' title='bbox 999 2514 1071 2561; x_wconf 88' lang='lat' dir='ltr'>csse.</span> <span class='ocrx_word' id='word_1_169' title='bbox 1132 2494 1217 2575; x_wconf 83' lang='lat' dir='ltr'>Quae</span> <span class='ocrx_word' id='word_1_170' title='bbox 1251 2493 1405 2559; x_wconf 88' lang='lat' dir='ltr'>sententia</span> 
     </span>
    </p>
   </div>
   <div class='ocr_carea' id='block_1_3' title="bbox 257 2594 1408 2882">
    <p class='ocr_par' dir='ltr' id='par_1_6' title="bbox 257 2594 1408 2882">
     <span class='ocr_line' id='line_1_22' title="bbox 257 2594 1405 2680; baseline 0.001 -21"><span class='ocrx_word' id='word_1_171' title='bbox 257 2595 394 2660; x_wconf 88' lang='lat' dir='ltr'>multum</span> <span class='ocrx_word' id='word_1_172' title='bbox 429 2596 660 2678; x_wconf 88' lang='lat' dir='ltr'>probabilitatis</span> <span class='ocrx_word' id='word_1_173' title='bbox 690 2597 793 2678; x_wconf 89' lang='lat' dir='ltr'>babet,</span> <span class='ocrx_word' id='word_1_174' title='bbox 826 2615 1006 2680; x_wconf 92' lang='lat' dir='ltr'>quanquam</span> <span class='ocrx_word' id='word_1_175' title='bbox 1035 2597 1101 2678; x_wconf 92' lang='lat' dir='ltr'>ipse</span> <span class='ocrx_word' id='word_1_176' title='bbox 1128 2596 1238 2662; x_wconf 90' lang='lat' dir='ltr'>laudat</span> <span class='ocrx_word' id='word_1_177' title='bbox 1270 2594 1405 2660; x_wconf 89' lang='lat' dir='ltr'>similem</span> 
     </span>
     <span class='ocr_line' id='line_1_23' title="bbox 259 2693 1408 2780; baseline -0.002 -18"><span class='ocrx_word' id='word_1_178' title='bbox 259 2695 427 2762; x_wconf 90' lang='lat' dir='ltr'>Alcestidis</span> <span class='ocrx_word' id='word_1_179' title='bbox 445 2715 568 2762; x_wconf 89' lang='lat' dir='ltr'>versum</span> <span class='ocrx_word' id='word_1_180' title='bbox 591 2699 661 2776; x_wconf 84' lang='lat'>866,</span> <span class='ocrx_word' id='word_1_181' title='bbox 684 2698 739 2762; x_wconf 93' lang='lat' dir='ltr'>ubi</span> <span class='ocrx_word' id='word_1_182' title='bbox 761 2696 876 2761; x_wconf 79' lang='grc' dir='ltr'><strong><em>κείνων</em></strong></span> <span class='ocrx_word' id='word_1_183' title='bbox 889 2693 1007 2780; x_wconf 74' lang='grc' dir='ltr'><strong><em>ἔραμαι</em></strong></span> <span class='ocrx_word' id='word_1_184' title='bbox 1028 2697 1159 2780; x_wconf 86' lang='lat' dir='ltr'>legitur;</span> <span class='ocrx_word' id='word_1_185' title='bbox 1181 2697 1310 2779; x_wconf 90' lang='lat' dir='ltr'>accedit,</span> <span class='ocrx_word' id='word_1_186' title='bbox 1325 2695 1408 2778; x_wconf 94' lang='lat' dir='ltr'>quod</span> 
     </span>
     <span class='ocr_line' id='line_1_24' title="bbox 259 2796 1407 2882; baseline -0.002 -20"><span class='ocrx_word' id='word_1_187' title='bbox 259 2799 317 2863; x_wconf 93' lang='lat' dir='ltr'>hoc</span> <span class='ocrx_word' id='word_1_188' title='bbox 338 2797 478 2863; x_wconf 90' lang='lat' dir='ltr'>scholion</span> <span class='ocrx_word' id='word_1_189' title='bbox 512 2800 546 2864; x_wconf 94' lang='lat' dir='ltr'>in</span> <span class='ocrx_word' id='word_1_190' title='bbox 568 2798 633 2864; x_wconf 89' lang='lat' dir='ltr'>cod.</span> <span class='ocrx_word' id='word_1_191' title='bbox 656 2799 733 2864; x_wconf 90' lang='lat' dir='ltr'>Rav.</span> <span class='ocrx_word' id='word_1_192' title='bbox 756 2798 842 2864; x_wconf 91' lang='lat' dir='ltr'>deest</span> <span class='ocrx_word' id='word_1_193' title='bbox 858 2801 879 2864; x_wconf 78' lang='lat'>².</span> <span class='ocrx_word' id='word_1_194' title='bbox 898 2835 936 2844; x_wconf 93' lang='lat'>—</span> <span class='ocrx_word' id='word_1_195' title='bbox 961 2799 1152 2882; x_wconf 84' lang='lat' dir='ltr'>Sarcophagi</span> <span class='ocrx_word' id='word_1_196' title='bbox 1182 2799 1287 2863; x_wconf 91' lang='lat' dir='ltr'>autem</span> <span class='ocrx_word' id='word_1_197' title='bbox 1309 2796 1407 2861; x_wconf 91' lang='lat' dir='ltr'>Phae·</span> 
     </span>
    </p>
   </div>
   <div class='ocr_carea' id='block_1_4' title="bbox 258 3016 1410 4514">
    <p class='ocr_par' dir='ltr' id='par_1_7' title="bbox 258 3016 1410 4514">
     <span class='ocr_line' id='line_1_25' title="bbox 259 3016 1407 3090; baseline -0.002 -16"><span class='ocrx_word' id='word_1_198' title='bbox 259 3038 342 3090; x_wconf 88' lang='lat' dir='ltr'>quam</span> <span class='ocrx_word' id='word_1_199' title='bbox 377 3023 438 3074; x_wconf 87' lang='lat' dir='ltr'>arte</span> <span class='ocrx_word' id='word_1_200' title='bbox 475 3035 585 3088; x_wconf 89' lang='lat' dir='ltr'>semper</span> <span class='ocrx_word' id='word_1_201' title='bbox 616 3017 687 3072; x_wconf 86' lang='lat' dir='ltr'>duae</span> <span class='ocrx_word' id='word_1_202' title='bbox 719 3017 856 3072; x_wconf 85' lang='lat' dir='ltr'>editiones</span> <span class='ocrx_word' id='word_1_203' title='bbox 887 3016 1082 3073; x_wconf 78' lang='lat' dir='ltr'>cohaeserint?</span> <span class='ocrx_word' id='word_1_204' title='bbox 1136 3018 1283 3073; x_wconf 87' lang='lat' dir='ltr'>Persimile</span> <span class='ocrx_word' id='word_1_205' title='bbox 1313 3023 1407 3073; x_wconf 88' lang='lat' dir='ltr'>autem</span> 
     </span>
     <span class='ocr_line' id='line_1_26' title="bbox 259 3106 792 3177; baseline -0.006 -14"><span class='ocrx_word' id='word_1_206' title='bbox 259 3109 379 3164; x_wconf 85' lang='lat' dir='ltr'>Senecae</span> <span class='ocrx_word' id='word_1_207' title='bbox 397 3108 491 3163; x_wconf 90' lang='lat' dir='ltr'>verbis</span> <span class='ocrx_word' id='word_1_208' title='bbox 509 3111 551 3162; x_wconf 89' lang='lat' dir='ltr'>est</span> <span class='ocrx_word' id='word_1_209' title='bbox 568 3106 636 3160; x_wconf 87' lang='lat' dir='ltr'>Eur.</span> <span class='ocrx_word' id='word_1_210' title='bbox 658 3106 712 3177; x_wconf 82' lang='lat' dir='ltr'>lrg.</span> <span class='ocrx_word' id='word_1_211' title='bbox 732 3109 792 3160; x_wconf 87' lang='grc'>837.</span> 
     </span>
     <span class='ocr_line' id='line_1_27' title="bbox 361 3194 1324 3265; baseline -0.002 -14"><span class='ocrx_word' id='word_1_212' title='bbox 361 3199 370 3230; x_wconf 87' lang='lat'>¹</span> <span class='ocrx_word' id='word_1_213' title='bbox 390 3197 430 3251; x_wconf 89' lang='lat' dir='ltr'>cf.</span> <span class='ocrx_word' id='word_1_214' title='bbox 449 3194 498 3249; x_wconf 92' lang='lat' dir='ltr'>Ov.</span> <span class='ocrx_word' id='word_1_215' title='bbox 520 3197 571 3250; x_wconf 88' lang='lat'>110</span> <span class='ocrx_word' id='word_1_216' title='bbox 591 3213 630 3265; x_wconf 88' lang='lat' dir='ltr'>sq.</span> <span class='ocrx_word' id='word_1_217' title='bbox 650 3195 711 3249; x_wconf 85' lang='lat' dir='ltr'>San.</span> <span class='ocrx_word' id='word_1_218' title='bbox 731 3198 764 3249; x_wconf 88' lang='grc'>91</span> <span class='ocrx_word' id='word_1_219' title='bbox 784 3213 825 3265; x_wconf 89' lang='lat' dir='ltr'>sq.</span> <span class='ocrx_word' id='word_1_220' title='bbox 844 3195 986 3250; x_wconf 83' lang='lat' dir='ltr'>Plutarch.</span> <span class='ocrx_word' id='word_1_221' title='bbox 1006 3195 1032 3250; x_wconf 81' lang='lat' dir='ltr'>d</span> <span class='ocrx_word' id='word_1_222' title='bbox 1054 3196 1118 3250; x_wconf 90' lang='lat' dir='ltr'>aud.</span> <span class='ocrx_word' id='word_1_223' title='bbox 1137 3199 1211 3265; x_wconf 90' lang='lat' dir='ltr'>poet.</span> <span class='ocrx_word' id='word_1_224' title='bbox 1233 3195 1250 3248; x_wconf 83' lang='lat'>8</span> <span class='ocrx_word' id='word_1_225' title='bbox 1269 3200 1324 3250; x_wconf 89' lang='lat' dir='ltr'>ext.</span> 
     </span>
     <span class='ocr_line' id='line_1_28' title="bbox 359 3273 1408 3355; baseline -0.002 -15"><span class='ocrx_word' id='word_1_226' title='bbox 359 3287 370 3318; x_wconf 78' lang='lat'>²</span> <span class='ocrx_word' id='word_1_227' title='bbox 388 3285 492 3340; x_wconf 86' lang='lat' dir='ltr'>Versus</span> <span class='ocrx_word' id='word_1_228' title='bbox 511 3283 667 3338; x_wconf 82' lang='lat' dir='ltr'>Coroniferi</span> <span class='ocrx_word' id='word_1_229' title='bbox 686 3284 737 3337; x_wconf 83' lang='lat'>219</span> <span class='ocrx_word' id='word_1_230' title='bbox 757 3301 811 3353; x_wconf 88' lang='lat' dir='ltr'>sq.:</span> <span class='ocrx_word' id='word_1_231' title='bbox 831 3281 900 3353; x_wconf 83' lang='grc' dir='ltr'><strong><em>πρὸς</em></strong></span> <span class='ocrx_word' id='word_1_232' title='bbox 918 3285 1001 3349; x_wconf 74' lang='grc' dir='ltr'><strong><em>θεῶν,</em></strong></span> <span class='ocrx_word' id='word_1_233' title='bbox 1020 3284 1121 3355; x_wconf 84' lang='grc' dir='ltr'><strong><em>ἔραμαι</em></strong></span> <span class='ocrx_word' id='word_1_234' title='bbox 1140 3287 1202 3337; x_wconf 82' lang='grc' dir='ltr'><strong><em>κυσί</em></strong></span> <span class='ocrx_word' id='word_1_235' title='bbox 1227 3273 1328 3344; x_wconf 66' lang='grc' dir='ltr'><strong><em>θωΰξαι</em></strong></span> <span class='ocrx_word' id='word_1_236' title='bbox 1352 3286 1408 3338; x_wconf 79' lang='grc' dir='ltr'><strong><em>κτλ.</em></strong></span> 
     </span>
     <span class='ocr_line' id='line_1_29' title="bbox 259 3371 1410 3445; baseline -0.003 -16"><span class='ocrx_word' id='word_1_237' title='bbox 259 3375 364 3430; x_wconf 89' lang='lat' dir='ltr'>inridet</span> <span class='ocrx_word' id='word_1_238' title='bbox 382 3373 584 3442; x_wconf 87' lang='lat' dir='ltr'>Aristophanes</span> <span class='ocrx_word' id='word_1_239' title='bbox 603 3373 632 3426; x_wconf 92' lang='lat' dir='ltr'>in</span> <span class='ocrx_word' id='word_1_240' title='bbox 643 3375 775 3443; x_wconf 82' lang='lat' dir='ltr'>Anagyro</span> <span class='ocrx_word' id='word_1_241' title='bbox 794 3372 859 3444; x_wconf 66' lang='grc' dir='ltr'><strong><em>(ξαρ.</em></strong></span> <span class='ocrx_word' id='word_1_242' title='bbox 879 3375 910 3426; x_wconf 82' lang='lat' dir='ltr'>bl</span> <span class='ocrx_word' id='word_1_243' title='bbox 932 3373 1035 3438; x_wconf 87' lang='lat' dir='ltr'>Kock):</span> <span class='ocrx_word' id='word_1_244' title='bbox 1054 3371 1124 3441; x_wconf 84' lang='grc' dir='ltr'><strong><em>πρὸς</em></strong></span> <span class='ocrx_word' id='word_1_245' title='bbox 1143 3373 1218 3426; x_wconf 74' lang='grc' dir='ltr'><strong><em>θεῶν</em></strong></span> <span class='ocrx_word' id='word_1_246' title='bbox 1236 3374 1335 3445; x_wconf 83' lang='grc' dir='ltr'><strong><em>ἔραμαι</em></strong></span> <span class='ocrx_word' id='word_1_247' title='bbox 1354 3377 1410 3427; x_wconf 77' lang='grc' dir='ltr'>τίτ-</span> 
     </span>
     <span class='ocr_line' id='line_1_30' title="bbox 258 3459 1406 3535; baseline -0.003 -18"><span class='ocrx_word' id='word_1_248' title='bbox 258 3484 320 3534; x_wconf 84' lang='grc' dir='ltr'><strong><em>τιγα</em></strong></span> <span class='ocrx_word' id='word_1_249' title='bbox 342 3469 445 3535; x_wconf 76' lang='grc' dir='ltr'><strong><em>ααγεῑν</em></strong></span> <span class='ocrx_word' id='word_1_250' title='bbox 463 3465 518 3516; x_wconf 80' lang='grc' dir='ltr'><strong><em>ατί.</em></strong></span> <span class='ocrx_word' id='word_1_251' title='bbox 530 3461 626 3515; x_wconf 89' lang='lat' dir='ltr'>-Sed</span> <span class='ocrx_word' id='word_1_252' title='bbox 646 3462 694 3531; x_wconf 92' lang='lat' dir='ltr'>qui</span> <span class='ocrx_word' id='word_1_253' title='bbox 712 3463 844 3532; x_wconf 87' lang='lat' dir='ltr'>Euripidi</span> <span class='ocrx_word' id='word_1_254' title='bbox 863 3461 1014 3530; x_wconf 87' lang='lat' dir='ltr'>exprobret</span> <span class='ocrx_word' id='word_1_255' title='bbox 1025 3459 1165 3517; x_wconf 84' lang='lat' dir='ltr'>Phaedrae</span> <span class='ocrx_word' id='word_1_256' title='bbox 1185 3461 1406 3532; x_wconf 87' lang='lat' dir='ltr'>(cf.Thesmoph.</span> 
     </span>
     <span class='ocr_line' id='line_1_31' title="bbox 260 3550 1408 3622; baseline 0 -17"><span class='ocrx_word' id='word_1_257' title='bbox 260 3553 324 3605; x_wconf 80' lang='lat'>547:</span> <span class='ocrx_word' id='word_1_258' title='bbox 345 3555 531 3611; x_wconf 76' lang='grc' dir='ltr'><strong><em>Μελανίππας</em></strong></span> <span class='ocrx_word' id='word_1_259' title='bbox 549 3552 638 3606; x_wconf 85' lang='grc' dir='ltr'><strong><em>ποιῶν</em></strong></span> <span class='ocrx_word' id='word_1_260' title='bbox 656 3551 781 3622; x_wconf 77' lang='grc' dir='ltr'><strong><em>Φαίδρας</em></strong></span> <span class='ocrx_word' id='word_1_261' title='bbox 803 3553 839 3616; x_wconf 80' lang='grc' dir='ltr'>ιε)</span> <span class='ocrx_word' id='word_1_262' title='bbox 859 3551 885 3604; x_wconf 91' lang='lat' dir='ltr'>ei</span> <span class='ocrx_word' id='word_1_263' title='bbox 904 3554 1119 3604; x_wconf 87' lang='lat' dir='ltr'>consentaneum</span> <span class='ocrx_word' id='word_1_264' title='bbox 1138 3555 1180 3605; x_wconf 88' lang='lat' dir='ltr'>est</span> <span class='ocrx_word' id='word_1_265' title='bbox 1191 3550 1323 3605; x_wconf 88' lang='lat' dir='ltr'>Velatum</span> <span class='ocrx_word' id='word_1_266' title='bbox 1341 3569 1408 3620; x_wconf 90' lang='lat' dir='ltr'>quo·</span> 
     </span>
     <span class='ocr_line' id='line_1_32' title="bbox 259 3637 1407 3710; baseline 0 -17"><span class='ocrx_word' id='word_1_267' title='bbox 259 3658 313 3709; x_wconf 88' lang='lat' dir='ltr'>que</span> <span class='ocrx_word' id='word_1_268' title='bbox 331 3639 416 3694; x_wconf 88' lang='lat' dir='ltr'>bilem</span> <span class='ocrx_word' id='word_1_269' title='bbox 434 3641 566 3710; x_wconf 72' lang='lat' dir='ltr'>movisse,</span> <span class='ocrx_word' id='word_1_270' title='bbox 594 3641 680 3696; x_wconf 88' lang='lat' dir='ltr'>immo</span> <span class='ocrx_word' id='word_1_271' title='bbox 700 3657 756 3695; x_wconf 92' lang='lat' dir='ltr'>non</span> <span class='ocrx_word' id='word_1_272' title='bbox 775 3639 883 3708; x_wconf 90' lang='lat' dir='ltr'>dubito,</span> <span class='ocrx_word' id='word_1_273' title='bbox 903 3641 970 3710; x_wconf 90' lang='lat' dir='ltr'>quin</span> <span class='ocrx_word' id='word_1_274' title='bbox 990 3641 1113 3709; x_wconf 89' lang='lat' dir='ltr'>priorem</span> <span class='ocrx_word' id='word_1_275' title='bbox 1133 3641 1294 3709; x_wconf 89' lang='lat' dir='ltr'>editionem,</span> <span class='ocrx_word' id='word_1_276' title='bbox 1312 3641 1358 3694; x_wconf 91' lang='lat' dir='ltr'>cui</span> <span class='ocrx_word' id='word_1_277' title='bbox 1377 3637 1407 3694; x_wconf 79' lang='lat' dir='ltr'>rb</span> 
     </span>
     <span class='ocr_line' id='line_1_33' title="bbox 258 3723 1407 3798; baseline 0.001 -17"><span class='ocrx_word' id='word_1_278' title='bbox 258 3727 380 3798; x_wconf 75' lang='grc' dir='ltr'><strong><em>ἀπρεπὲς</em></strong></span> <span class='ocrx_word' id='word_1_279' title='bbox 400 3723 627 3798; x_wconf 69' lang='grc' dir='ltr'><strong><em>ααὶάατηγορίας</em></strong></span> <span class='ocrx_word' id='word_1_280' title='bbox 649 3725 723 3789; x_wconf 77' lang='grc' dir='ltr'><strong><em>ἄξιον</em></strong></span> <span class='ocrx_word' id='word_1_281' title='bbox 746 3729 831 3782; x_wconf 87' lang='lat' dir='ltr'>etiarn</span> <span class='ocrx_word' id='word_1_282' title='bbox 850 3728 1034 3784; x_wconf 82' lang='lat' dir='ltr'>Alexandrini</span> <span class='ocrx_word' id='word_1_283' title='bbox 1058 3729 1168 3783; x_wconf 90' lang='lat' dir='ltr'>crimini</span> <span class='ocrx_word' id='word_1_284' title='bbox 1192 3729 1341 3784; x_wconf 85' lang='lat' dir='ltr'>vertebant</span> <span class='ocrx_word' id='word_1_285' title='bbox 1360 3727 1407 3797; x_wconf 87' lang='lat' dir='ltr'>(of.</span> 
     </span>
     <span class='ocr_line' id='line_1_34' title="bbox 258 3817 1406 3888; baseline 0 -17"><span class='ocrx_word' id='word_1_286' title='bbox 258 3819 327 3888; x_wconf 85' lang='lat' dir='ltr'>Arg.</span> <span class='ocrx_word' id='word_1_287' title='bbox 337 3817 404 3872; x_wconf 86' lang='lat' dir='ltr'>Eur.</span> <span class='ocrx_word' id='word_1_288' title='bbox 415 3817 500 3888; x_wconf 84' lang='lat' dir='ltr'>Hip),</span> <span class='ocrx_word' id='word_1_289' title='bbox 519 3823 603 3888; x_wconf 88' lang='lat' dir='ltr'>poeta</span> <span class='ocrx_word' id='word_1_290' title='bbox 614 3818 734 3872; x_wconf 86' lang='lat' dir='ltr'>comicus</span> <span class='ocrx_word' id='word_1_291' title='bbox 752 3818 873 3871; x_wconf 88' lang='lat' dir='ltr'>maxime</span> <span class='ocrx_word' id='word_1_292' title='bbox 891 3817 927 3871; x_wconf 83' lang='lat' dir='ltr'>ad</span> <span class='ocrx_word' id='word_1_293' title='bbox 946 3818 1130 3872; x_wconf 88' lang='lat' dir='ltr'>deridendum</span> <span class='ocrx_word' id='word_1_294' title='bbox 1148 3818 1202 3871; x_wconf 91' lang='lat' dir='ltr'>sibi</span> <span class='ocrx_word' id='word_1_295' title='bbox 1220 3817 1406 3886; x_wconf 88' lang='lat' dir='ltr'>proposuerit,</span> 
     </span>
     <span class='ocr_line' id='line_1_35' title="bbox 260 3906 1407 3978; baseline -0.002 -18"><span class='ocrx_word' id='word_1_296' title='bbox 260 3924 323 3960; x_wconf 88' lang='lat' dir='ltr'>curn</span> <span class='ocrx_word' id='word_1_297' title='bbox 341 3906 371 3959; x_wconf 90' lang='lat' dir='ltr'>in</span> <span class='ocrx_word' id='word_1_298' title='bbox 389 3910 448 3961; x_wconf 91' lang='lat' dir='ltr'>tarn</span> <span class='ocrx_word' id='word_1_299' title='bbox 468 3924 554 3976; x_wconf 82' lang='lat' dir='ltr'>parca</span> <span class='ocrx_word' id='word_1_300' title='bbox 567 3906 788 3978; x_wconf 80' lang='lat' dir='ltr'>fragmentorum</span> <span class='ocrx_word' id='word_1_301' title='bbox 799 3911 892 3976; x_wconf 85' lang='lat' dir='ltr'>segete</span> <span class='ocrx_word' id='word_1_302' title='bbox 912 3910 988 3961; x_wconf 86' lang='lat' dir='ltr'>certa</span> <span class='ocrx_word' id='word_1_303' title='bbox 1001 3906 1139 3961; x_wconf 85' lang='lat' dir='ltr'>irrisionis</span> <span class='ocrx_word' id='word_1_304' title='bbox 1151 3906 1271 3976; x_wconf 82' lang='lat' dir='ltr'>vestigia</span> <span class='ocrx_word' id='word_1_305' title='bbox 1289 3910 1407 3960; x_wconf 87' lang='lat' dir='ltr'>exstent.</span> 
     </span>
     <span class='ocr_line' id='line_1_36' title="bbox 261 3993 1410 4064; baseline -0.003 -14"><span class='ocrx_word' id='word_1_306' title='bbox 261 3995 356 4051; x_wconf 90' lang='lat' dir='ltr'>Unum</span> <span class='ocrx_word' id='word_1_307' title='bbox 377 3999 461 4064; x_wconf 89' lang='lat' dir='ltr'>atque</span> <span class='ocrx_word' id='word_1_308' title='bbox 488 3995 517 4049; x_wconf 94' lang='lat' dir='ltr'>id</span> <span class='ocrx_word' id='word_1_309' title='bbox 546 4013 581 4050; x_wconf 91' lang='lat' dir='ltr'>ne</span> <span class='ocrx_word' id='word_1_310' title='bbox 599 3995 756 4050; x_wconf 88' lang='lat' dir='ltr'>levissimae</span> <span class='ocrx_word' id='word_1_311' title='bbox 775 3995 888 4064; x_wconf 89' lang='lat' dir='ltr'>quidem</span> <span class='ocrx_word' id='word_1_312' title='bbox 912 3995 1082 4050; x_wconf 87' lang='lat' dir='ltr'>dubitationi</span> <span class='ocrx_word' id='word_1_313' title='bbox 1107 3994 1260 4048; x_wconf 84' lang='lat' dir='ltr'>obnoxium</span> <span class='ocrx_word' id='word_1_314' title='bbox 1278 3993 1372 4047; x_wconf 86' lang='lat' dir='ltr'>Leol.</span> <span class='ocrx_word' id='word_1_315' title='bbox 1392 3993 1410 4047; x_wconf 93' lang='lat' dir='ltr'>l.</span> 
     </span>
     <span class='ocr_line' id='line_1_37' title="bbox 259 4082 1408 4192; baseline -0.003 -53"><span class='ocrx_word' id='word_1_316' title='bbox 259 4103 285 4155; x_wconf 89' lang='lat' dir='ltr'>p.</span> <span class='ocrx_word' id='word_1_317' title='bbox 301 4086 352 4139; x_wconf 82' lang='grc'>180</span> <span class='ocrx_word' id='word_1_318' title='bbox 372 4101 412 4153; x_wconf 89' lang='lat' dir='ltr'>sq.</span> <span class='ocrx_word' id='word_1_319' title='bbox 430 4085 460 4137; x_wconf 93' lang='lat' dir='ltr'>in</span> <span class='ocrx_word' id='word_1_320' title='bbox 478 4085 564 4140; x_wconf 86' lang='lat' dir='ltr'>Arist.</span> <span class='ocrx_word' id='word_1_321' title='bbox 585 4083 666 4154; x_wconf 86' lang='lat' dir='ltr'>Vesp.</span> <span class='ocrx_word' id='word_1_322' title='bbox 687 4086 741 4140; x_wconf 78' lang='lat'>314</span> <span class='ocrx_word' id='word_1_323' title='bbox 759 4085 950 4156; x_wconf 80' lang='lat' dir='ltr'>investigavit,</span> <span class='ocrx_word' id='word_1_324' title='bbox 971 4089 1004 4138; x_wconf 92' lang='lat' dir='ltr'>ut</span> <span class='ocrx_word' id='word_1_325' title='bbox 1022 4083 1107 4137; x_wconf 91' lang='lat' dir='ltr'>modo</span> <span class='ocrx_word' id='word_1_326' title='bbox 1126 4082 1252 4192; x_wconf 86' lang='lat' dir='ltr'>exposui.</span> <span class='ocrx_word' id='word_1_327' title='bbox 1278 4083 1408 4136; x_wconf 81' lang='lat' dir='ltr'>Alterum</span> 
     </span>
     <span class='ocr_line' id='line_1_38' title="bbox 262 4172 771 4245; baseline -0.004 -17"><span class='ocrx_word' id='word_1_328' title='bbox 262 4190 381 4245; x_wconf 81' lang='lat' dir='ltr'>agnosco</span> <span class='ocrx_word' id='word_1_329' title='bbox 401 4173 430 4227; x_wconf 90' lang='lat' dir='ltr'>in</span> <span class='ocrx_word' id='word_1_330' title='bbox 448 4173 559 4242; x_wconf 87' lang='lat' dir='ltr'>Polyidi</span> <span class='ocrx_word' id='word_1_331' title='bbox 578 4172 632 4243; x_wconf 82' lang='lat' dir='ltr'>frg.</span> <span class='ocrx_word' id='word_1_332' title='bbox 651 4175 705 4228; x_wconf 80' lang='lat'>453</span> <span class='ocrx_word' id='word_1_333' title='bbox 724 4173 771 4228; x_wconf 83' lang='lat' dir='ltr'>K:</span> 
     </span>
     <span class='ocr_line' id='line_1_39' title="bbox 496 4256 1048 4335; baseline 0 -21"><span class='ocrx_word' id='word_1_334' title='bbox 496 4259 557 4318; x_wconf 80' lang='grc' dir='ltr'><strong><em>ίδοα</em></strong></span> <span class='ocrx_word' id='word_1_335' title='bbox 577 4263 677 4335; x_wconf 86' lang='grc' dir='ltr'><strong><em>δίδωμι</em></strong></span> <span class='ocrx_word' id='word_1_336' title='bbox 697 4256 773 4330; x_wconf 78' lang='grc' dir='ltr'><strong><em>τήνδ’</em></strong></span> <span class='ocrx_word' id='word_1_337' title='bbox 793 4261 848 4332; x_wconf 69' lang='grc' dir='ltr'>ἐγὼ</span> <span class='ocrx_word' id='word_1_338' title='bbox 868 4257 984 4332; x_wconf 75' lang='grc' dir='ltr'><strong><em>γυναῖκα</em></strong></span> <span class='ocrx_word' id='word_1_339' title='bbox 1004 4278 1048 4317; x_wconf 89' lang='grc' dir='ltr'>σοι</span> 
     </span>
     <span class='ocr_line' id='line_1_40' title="bbox 494 4341 1173 4422; baseline -0.006 -16"><span class='ocrx_word' id='word_1_340' title='bbox 494 4352 629 4420; x_wconf 80' lang='grc' dir='ltr'><strong><em>Φαίδραν·</em></strong></span> <span class='ocrx_word' id='word_1_341' title='bbox 650 4351 696 4404; x_wconf 77' lang='grc' dir='ltr'>δαί</span> <span class='ocrx_word' id='word_1_342' title='bbox 715 4351 771 4421; x_wconf 77' lang='grc' dir='ltr'>πῦρ</span> <span class='ocrx_word' id='word_1_343' title='bbox 790 4351 821 4404; x_wconf 76' lang='grc' dir='ltr'>δὲ</span> <span class='ocrx_word' id='word_1_344' title='bbox 841 4352 896 4419; x_wconf 81' lang='grc' dir='ltr'>πῦρ</span> <span class='ocrx_word' id='word_1_345' title='bbox 915 4350 983 4422; x_wconf 78' lang='grc' dir='ltr'><strong><em>ἔοιχ’</em></strong></span> <span class='ocrx_word' id='word_1_346' title='bbox 1002 4345 1072 4416; x_wconf 76' lang='grc' dir='ltr'><strong><em>ἥξειν</em></strong></span> <span class='ocrx_word' id='word_1_347' title='bbox 1090 4341 1173 4418; x_wconf 73' lang='lat' dir='ltr'>r&#39;iyms’.</span> 
     </span>
     <span class='ocr_line' id='line_1_41' title="bbox 260 4437 1153 4514; baseline -0.002 -19"><span class='ocrx_word' id='word_1_348' title='bbox 260 4440 296 4496; x_wconf 82' lang='lat' dir='ltr'>ad</span> <span class='ocrx_word' id='word_1_349' title='bbox 318 4439 393 4511; x_wconf 89' lang='lat' dir='ltr'>quod</span> <span class='ocrx_word' id='word_1_350' title='bbox 412 4439 590 4495; x_wconf 86' lang='lat' dir='ltr'>scribendum</span> <span class='ocrx_word' id='word_1_351' title='bbox 610 4443 723 4512; x_wconf 88' lang='lat' dir='ltr'>poetam</span> <span class='ocrx_word' id='word_1_352' title='bbox 741 4438 834 4494; x_wconf 85' lang='lat' dir='ltr'>Velsti</span> <span class='ocrx_word' id='word_1_353' title='bbox 853 4438 907 4514; x_wconf 80' lang='lat' dir='ltr'>lrg.</span> <span class='ocrx_word' id='word_1_354' title='bbox 927 4439 978 4492; x_wconf 81' lang='lat' dir='ltr'>ma</span> <span class='ocrx_word' id='word_1_355' title='bbox 997 4437 1153 4510; x_wconf 81' lang='lat' dir='ltr'>instigavit.</span> 
     </span>
    </p>
   </div>
   <div class='ocr_carea' id='block_1_5' title="bbox 0 0 1584 5076">
    <p class='ocr_par' dir='ltr' id='par_1_8' title="bbox 0 0 1584 5076">
     <span class='ocr_line' id='line_1_42' title="bbox 0 0 1584 5076; baseline 0 0"><span class='ocrx_word' id='word_1_356' title='bbox 0 0 1584 5076; x_wconf 95' lang='lat' dir='ltr'> </span> 
     </span>
    </p>
   </div>
  </div>
 </body>
</html>
