3142 5074
801 427 836 481 96

242 599 359 683 pergit:
392 600 450 687 τῆς
481 596 517 664 δέ
544 607 741 684 παραχρῆμα
766 593 825 685 τήν
854 597 1036 683 ἐπιθυμίαν
1066 600 1212 688 φαμένης
1242 597 1393 680 τελέσειν,

243 694 332 788 ῥᾴων
354 689 413 785 ήδη
441 699 577 785 γέγονεν.
606 690 866 786 οἷνακαλεσαμένη
889 698 925 765 δέ
946 699 1004 790 τήν
1025 695 1125 787 κόρην
1152 700 1394 786 συγκατακλίνει

242 791 394 888 τάδελφῷ
418 802 502 868 κτλ.1
524 803 625 868 Mater
649 801 770 867 videtur
791 802 825 868 in
846 803 998 886 promisso
1020 822 1075 869 suo
1103 803 1288 870 verecundia
1315 822 1394 886 qua-

243 901 316 968 dam
341 904 454 968 sororis
479 904 803 970 commemorationem
829 905 1026 987 supprimere,
1059 905 1096 969 ut
1119 904 1264 989 Myrrhae
1289 905 1394 969 nutrix

244 1003 314 1083 (ον.
338 1004 359 1069 l.
382 1003 403 1069 l.
426 1005 488 1069 429
510 1005 569 1088 sq.)
593 1023 654 1071 non
677 1024 754 1071 ausa
777 1006 823 1070 est
844 1005 983 1088 parentis
1005 1024 1116 1071 nomen
1141 1005 1293 1088 proloqui.

241 1203 317 1271 item
342 1205 481 1288 Clymeni
506 1207 612 1273 fabula
635 1207 786 1287 ostendit,
818 1227 910 1292 quem
932 1208 1119 1274 Parthenius
1142 1209 1271 1290 (ltili)2
1293 1209 1392 1274 filiam

242 1306 439 1389 Harpalycen
471 1306 622 1390 deperisse
652 1309 818 1374 memoriae
843 1308 961 1391 prodit:
990 1302 1112 1393 ταύτης
1138 1304 1186 1386 είς
1208 1305 1317 1392 έρωτα
1339 1295 1394 1374 έλέ

241 1401 316 1471 θιδν
344 1401 461 1491 χρόνον
490 1405 549 1490 μέν
575 1430 647 1472 τινα
667 1406 833 1492 ἐκαρτέρει
854 1407 908 1474 καί
935 1412 1053 1498 περιῆν
1081 1412 1140 1475 τοῦ
1169 1405 1391 1496 παθήματος·

243 1505 287 1585 ὥς
319 1508 355 1574 δέ
387 1503 473 1572 πολι)
505 1508 630 1591 μᾶλλον
657 1499 760 1574 ατίτδν
782 1509 917 1595 ὑπέρρει
938 1505 976 1574 cd
998 1511 1131 1595 νόσημα,
1161 1507 1237 1578 τότε
1259 1507 1312 1578 διὰ
1333 1515 1392 1600 τῆς

240 1612 370 1697 τροφοῦ
392 1606 669 1695 κατεργασάμενος
700 1605 762 1696 τήν
792 1606 893 1696 κόρην
919 1610 1089 1694 λαθραίως
1109 1603 1190 1702 αὐτῇ
1218 1612 1390 1703 συνῆλθεν.

342 1711 508 1778 Conterere
538 1713 586 1778 his
615 1713 711 1778 etiam
742 1715 842 1798 magis
872 1713 1037 1780 conveniat
1060 1713 1207 1780 Laodices
1233 1715 1390 1796 fabellam,

242 1814 329 1880 cuius
362 1815 472 1879 auctor
502 1813 583 1898 apud
611 1815 815 1880 Parthenium
848 1815 952 1896 (XVI)
980 1808 1192 1901 Ἡγήσιππος
1212 1814 1391 1901 (Μιλησια-

241 1923 307 1980 κῶν
334 1908 365 1998 ά)
398 1916 563 1981 laudatur:
594 1914 713 2000 ἐλέχθη
743 1915 780 1980 δέ
809 1915 863 1980 καὶ
891 1915 969 2001 περὶ
989 1914 1159 2002 Λαοδίκης
1193 1910 1251 1982 ὅδε
1284 1913 1389 2002 λόγος,

241 2012 287 2095 ὥς
308 2007 371 2100 δίρα
394 2016 665 2102 παραγενομένων
688 2016 745 2084 έπί
769 2013 897 2102 Ἑλένης
923 2007 1100 2104 ἅπαίτησιν
1120 2012 1306 2105 Διομήδους
1336 2022 1391 2086 καί

241 2109 444 2202 Ἀκάμαντος
469 2113 596 2203 πολλήν
629 2117 811 2202 ἐπιθυμίαν
839 2109 924 2200 εἶχεν
954 2121 1084 2205 μιγῆναι
1105 2113 1295 2188 παντάπασι
1328 2121 1389 2208 νέῳ

242 2209 311 2286 buu
333 2211 533 2304 Ἀκάμαντι·
566 2220 620 2285 καί
644 2218 740 2305 μέχρι
762 2219 822 2304 μέν
843 2207 930 2298 τινος
959 2215 1015 2285 ὑπ’
1043 2214 1156 2299 αἰδοῦς
1181 2221 1388 2305 κατέχεσθαι,

242 2316 382 2404 ὕστερον
404 2319 440 2387 δὲ
464 2320 640 2406 νικωμένην
666 2315 733 2385 ὑπὸ
759 2323 822 2387 τοῦ
840 2315 975 2398 πάθους
995 2313 1281 2388 οἱνακοινώσασθαι
1301 2328 1390 2407 Περ-

241 2421 326 2501 σέως
348 2421 473 2508 γυναικί
492 2420 644 2506 (Φιλυβίη
672 2413 755 2510 αὐτῇ
777 2410 894 2505 ι’ίνομα)
917 2421 1118 2504 παρακαλεῖν
1132 2446 1167 2487 τε
1189 2414 1295 2511 αυίτήν
1309 2419 1390 2492 ὅσον

240 2516 302 2590 οὐκ
322 2513 383 2611 ήδη
404 2523 588 2611 διοιχομένη
609 2514 738 2614 ἆρήγειν
757 2515 850 2614 ου’τῇ.
883 2525 1030 2591 Laodices
1049 2525 1155 2606 libide,
1190 2528 1302 2594 illicita
1321 2529 1387 2609 illa,

241 2626 323 2711 quod
345 2625 396 2691 vin
418 2626 532 2692 attinet
553 2645 802 2711 commemorare,
825 2646 886 2693 non
908 2628 1002 2693 semel
1024 2628 1062 2692 ab
1076 2626 1294 2696 Alexandrinis
1315 2648 1389 2696 can-

239 2729 309 2794 tata
331 2747 395 2794 asse
417 2728 569 2794 videturi.

339 2829 421 2895 Hinc
442 2830 548 2895 autem
572 2849 621 2894 me
643 2830 790 2896 converto
812 2831 852 2897 ad
868 2830 1030 2897 Periandri
1050 2830 1190 2897 fabulam
1212 2830 1388 2897 accuratius

239 2931 484 3011 examinandam,
508 2932 615 3014 utpote
634 2951 714 3015 quae
735 2933 803 2998 tota
826 2934 865 2998 ah
886 2933 950 2998 imo
971 2931 1012 2997 ad
1033 2951 1189 2998 summum
1222 2932 1387 2998 manifesto

341 3219 402 3272 ¹In
424 3219 604 3289 sequentibus
631 3237 676 3274 res
701 3223 830 3274 contorta
856 3220 977 3290 quadam
1001 3220 1192 3290 implicatione
1219 3219 1255 3274 ad
1281 3219 1389 3273 exitum

239 3305 426 3373 adducuntur,
447 3325 518 3377 quae
537 3326 595 3362 non
614 3312 673 3362 tam
691 3310 847 3379 tragoedia,
861 3327 945 3379 quam
963 3306 1098 3364 ‘novella’
1111 3309 1197 3379 digna
1216 3309 1261 3363 sit.
1288 3307 1388 3362 Rohde

239 3393 328 3464 igitur
355 3395 383 3448 in
412 3413 444 3449 ea
472 3397 714 3465 commentatione,
744 3415 799 3466 qua
826 3398 899 3452 hanc
927 3403 1037 3467 partem
1064 3397 1199 3451 historiae
1227 3397 1387 3451 litterarum

240 3481 409 3537 Graecarum
429 3483 512 3539 certis
530 3483 633 3539 finibus
654 3486 882 3540 circumscribere
901 3491 1015 3540 conatus
1035 3490 1077 3540 ast
1097 3485 1317 3555 (Verhandlung.
1337 3485 1388 3538 der

238 3569 324 3626 XXX.
337 3571 473 3642 Varsmlg.
488 3573 613 3627 deutsch.
628 3573 730 3628 Philol.
750 3575 780 3627 iu
798 3573 929 3629 Rostock.
950 3573 1044 3644 Leipz.
1066 3575 1134 3628 1876
1153 3592 1180 3644 p.
1194 3576 1228 3628 55
1245 3573 1297 3644 sq.)
1316 3573 1387 3627 tales

238 3661 461 3716 narratiunculas
481 3663 583 3716 nollem
602 3663 779 3732 neglexisset,
798 3667 836 3732 ut,
850 3680 921 3732 quae
940 3668 1001 3718 arte
1020 3663 1187 3719 cohaereant
1206 3681 1269 3718 cum
1283 3661 1387 3716 fabulis

238 3749 353 3804 Milesiis
370 3749 415 3803 vel
431 3748 580 3818 Cypriacis.
619 3751 659 3805 cf.
679 3750 768 3805 Suid.:
788 3752 922 3824 Ξενοφῶν
935 3746 1057 3822 Κύπριος
1074 3747 1210 3822 ίατόρικὸς
1228 3745 1386 3822 Κυπριακιί·

237 3839 295 3893 ἔστι
314 3837 345 3890 δὲ
364 3840 410 3890 καὶ
429 3833 495 3891 αὐτὰ
514 3839 650 3908 ἐρωτικῶν
667 3837 832 3894 ὑποθέσεων
850 3843 955 3910 ἱστορία
975 3847 1040 3913 περί
1056 3859 1083 3895 τε
1104 3837 1224 3910 Κινύραν
1243 3843 1288 3893 καί
1307 3834 1387 3910 Μύρ-

238 3943 291 3998 ραν
308 3929 353 3978 aar
365 3919 485 3981 Ἄδωνιν.
499 3957 531 3966 -
546 3926 645 3982 Obiter
663 3929 719 3982 iam
738 3927 868 3990 Leutsch‚
887 3929 991 3984 Rohdii
1010 3929 1195 3996 adversarius,
1218 3930 1248 3983 iu
1266 3928 1387 3982 similem

238 4014 404 4069 sententiam
422 4013 578 4084 disputavit
597 4016 627 4083 (l.
646 4017 663 4070 l.
683 4035 710 4086 p.
732 4017 789 4086 70).

339 4102 472 4173 ²Capitis
498 4103 650 4158 indiculus:
683 4103 796 4174 Ἱστορεῖ
812 4101 961 4177 Εὐφορίων
982 4110 1067 4176 Θρᾳκὶ
1085 4109 1130 4159 καί
1155 4101 1303 4166 Αεκτείδας.
1340 4105 1387 4160 Sic

238 4189 296 4245 cod.
314 4190 374 4245 Pal.
394 4191 474 4256 Gale:
503 4193 654 4263 Διευχίδας
682 4192 728 4261 (cf.
748 4193 867 4247 Meinek.
887 4194 905 4248 l.
926 4195 944 4248 l.
964 4212 992 4264 p.
1013 4194 1068 4265 56).
1106 4193 1205 4250 Cobet:
1235 4189 1386 4263 isperdetur,

237 4278 313 4346 quod
331 4278 453 4333 Hercher
472 4280 502 4333 in
522 4283 632 4334 textum
651 4281 765 4349 recepit.
797 4311 828 4320 -
855 4281 989 4335 Veterum
1012 4282 1174 4337 testimonia
1198 4282 1234 4337 ad
1254 4283 1326 4337 hanc
1344 4281 1386 4336 fa-

236 4365 330 4421 bulam
349 4368 521 4436 pertinentia
539 4369 679 4438 congessit
692 4368 820 4423 Mainake
833 4370 863 4438 (l.
877 4372 895 4424 l.
915 4369 949 4426 cf.
961 4370 1058 4425 Rohde
1072 4371 1119 4425 Gr.
1132 4370 1214 4426 Rom.
1233 4389 1259 4440 p.
1275 4373 1317 4425 36.
1329 4371 1386 4441 90).

336 4455 407 4510 ’Gi
426 4456 564 4526 Lycophr.
585 4457 665 4513 Alex.
689 4458 907 4526 receptator.
944 4459 1073 4515 Mainake
1096 4459 1113 4514 l.
1135 4461 1154 4514 l.
1177 4478 1204 4529 p.
1223 4462 1257 4516 97
1277 4477 1318 4528 sq.
