3154 5076
736 425 770 478 65

180 593 392 676 gravescentis
422 613 572 660 nouercae
600 595 744 661 desiderii
768 598 884 663 colores
906 596 1037 680 reperies
1059 597 1091 660 in
1114 595 1264 680 Byblidos
1285 595 1333 660 f-

184 693 268 758 bula.
314 693 450 760 Onemon
478 693 559 760 enim
591 695 628 761 de
657 715 788 763 noverca
818 698 894 763 haec
921 698 1042 763 narrat:
1078 696 1132 760 καί
1163 719 1247 761 ποτε
1280 694 1334 760 καὶ

180 791 333 878 ἐφίλησεν
359 787 397 858 ἂν
425 795 660 879 apogniacum
686 796 741 862 καί
772 787 915 864 ένασθαί
938 821 1005 881 μον
1032 799 1175 880 συνεχῶς
1201 787 1331 883 ηίίξανο.

180 894 252 960 Mox
281 894 335 960 καί
369 893 557 982 θερμότερα
588 885 626 986 ἦν
652 894 693 964 τὰ
720 894 887 990 φιλήματα
912 901 976 966 τοῦ
1005 897 1203 983 πρέποντος.
1247 899 1330 981 Quid

181 996 315 1079 Byblis?

90 1100 93 1106 “
328 1100 390 1166 Illa
412 1101 537 1184 quidem
560 1103 660 1185 primo
683 1105 785 1170 nullos
805 1104 963 1189 intellegit
983 1105 1080 1188 ignes,

329 1221 385 1266 nec
406 1221 531 1285 peccare
554 1205 655 1285 putat,
682 1206 765 1288 quod
787 1205 908 1288 saepius
931 1206 1037 1272 oscula
1058 1205 1181 1288 iungat,

331 1303 413 1385 quod
433 1323 489 1369 sua
513 1303 651 1369 fraterno
674 1305 855 1371 circumdet·
867 1306 1014 1372 bracchia
1037 1305 1126 1371 collo.
1175 1319 1179 1324 ·

181 1401 238 1468 Ον.
261 1403 323 1467 457
339 1423 384 1486 sq.
405 1440 439 1450 -
458 1404 645 1471 Demaeneto
665 1407 702 1470 ut
724 1407 832 1490 Byblis
854 1426 883 1471 v.
903 1408 964 1472 466
980 1425 1024 1490 sq.
1048 1407 1144 1472 variis
1159 1406 1333 1472 invocatio·

180 1503 272 1568 nibus
294 1504 450 1588 indulget:
473 1505 530 1568 νῦν
544 1503 603 1588 μὲν
623 1506 756 1571 παιδίον
778 1510 833 1572 νῦν
855 1507 890 1572 δέ
905 1502 1101 1590 γλυκύτατον
1115 1498 1332 1590 ὀνομάζονσα,

180 1602 233 1667 καί
249 1589 351 1681 αὖθις
364 1599 565 1690 κληρονόμον
581 1605 635 1671 καί
650 1608 720 1689 μετ’
738 1598 847 1692 ὀλίγον
862 1603 969 1695 ψυχὴν
984 1603 1101 1692 ἑαυτῆς
1120 1598 1333 1673 ἄποκαλοῦσα

180 1703 247 1768 κτλ.
291 1707 455 1772 Praeterea
485 1707 564 1772 illud
595 1702 797 1792 κληρονόμον
822 1711 855 1775 in
888 1710 1070 1776 memoriam
1101 1709 1189 1774 nohis
1219 1709 1334 1793 redigit

181 1805 368 1872 Ouidianam
391 1809 565 1874 Phaedram
589 1829 618 1875 v.
644 1810 704 1874 163
727 1830 788 1893 sq.:

256 1929 266 1946 ³
381 1910 428 1974 est
450 1911 527 1975 mihi
549 1911 663 1976 dotalis
686 1913 780 1976 tellus
801 1913 884 1978 Iovia
905 1913 1018 1992 insula,
1041 1911 1144 1993 Crete;

429 2012 546 2076 serviat
569 2012 740 2096 Hippolyto
760 2014 847 2096 regia
868 2013 937 2078 tota
959 2032 1036 2078 meo.

183 2109 273 2193 Oave,
306 2131 344 2176 ne
373 2112 545 2177 malevolus
572 2113 718 2195 gaudeas,
753 2113 778 2176 si
801 2113 917 2178 similia
944 2113 1049 2178 forsan
1071 2113 1103 2176 in
1126 2112 1197 2177 aliis
1220 2111 1335 2178 fabulis

180 2213 348 2288 invenerim
371 2213 623 2298 testimoniorum
645 2215 789 2278 mertuum
814 2232 997 2279 consensum
1013 2231 1128 2296 premo.
1163 2212 1334 2278 Subtiliora

182 2314 286 2379 autem
308 2314 384 2378 haec
403 2315 586 2379 ornamenta
608 2313 836 2380 Alexandrinae
858 2315 920 2380 arti
942 2314 1067 2396 propria
1090 2333 1162 2393 esse,
1185 2313 1260 2378 licet
1283 2333 1334 2378 ex-

182 2417 317 2480 tremum
329 2414 409 2479 illud
422 2415 485 2480 iam
499 2415 529 2478 in
542 2414 661 2480 Graeca
673 2435 784 2480 scaena
795 2416 897 2480 locum
910 2415 1074 2497 invenerit,
1092 2415 1128 2478 ut
1138 2415 1230 2480 antea
1242 2414 1333 2479 docui

185 2516 226 2600 (p.
239 2518 301 2595 34),
327 2515 481 2581 neminem
495 2515 588 2598 fugit.
633 2516 722 2582 Unde
744 2517 820 2581 item
841 2516 1007 2598 repetenda
1030 2515 1181 2598 Byblidos
1203 2516 1335 2580 scribare

184 2617 316 2682 uolentis
337 2616 513 2698 descriptio,
536 2617 572 2681 ut
595 2635 674 2700 quae
697 2617 736 2681 ad
758 2618 898 2700 picturae
922 2617 1077 2700 exemplar
1094 2616 1250 2681 delineata
1271 2635 1335 2682 esso

184 2717 329 2782 videatur
351 2737 379 2784 v.
403 2719 465 2782 522
485 2737 547 2800 sq.:
573 2710 698 2782 ‘dextra
717 2718 802 2782 tenet
823 2718 949 2802 ferrum,
971 2736 1103 2784 vacuam
1127 2718 1212 2782 tenet
1236 2717 1346 2782 altera-

185 2837 296 2901 eeram,
331 2818 446 2902 Incipit
469 2820 500 2883 et
529 2811 665 2882 dubitat’
698 2839 722 2884 e.
742 2838 772 2901 q.
795 2838 819 2882 s.
864 2817 1004 2884 Conferet
1034 2819 1163 2901 possunt
1196 2817 1335 2899 picturae

185 2919 391 3001 Pompeianae
419 2919 523 2999 (Helb.
546 2937 595 2984 no.
619 2919 699 2983 1422
720 2917 780 3002 sq.)
811 2920 841 2985 ct
862 2919 999 2984 Choricii
1021 2918 1135 2984 Gazaei
1170 2919 1333 3000 euphrasio,

185 3038 264 3103 quae
286 3020 422 3103 amplam
438 3019 643 3102 Hippolyteae
666 3019 790 3085 fabulae
813 3021 982 3103 imaginem
999 3020 1071 3084 ante
1089 3017 1194 3082 oculos
1213 3020 1335 3083 nostros

185 3120 328 3206 evolvens
350 3119 447 3202 digna
469 3120 523 3198 est,
548 3120 597 3184 oui
617 3120 758 3185 hocloco
773 3121 862 3202 plura
879 3120 973 3185 verba
989 3119 1214 3202 impendamus²
1237 3137 1336 3200 quan·

185 3222 255 3286 tum
286 3219 333 3283 vis
366 3219 440 3284 licet
472 3219 590 3284 mendis
620 3221 802 3304 lacunisque
834 3221 999 3303 inquinata
1032 3220 1082 3283 sit.
1137 3219 1207 3283 Illic
1237 3218 1350 3300 igitur.

187 3320 358 3385 Phaedram
389 3320 527 3385 videmus
556 3321 722 3402 epistulam
749 3321 937 3399 exarantem,
972 3319 1022 3384 oui
1044 3320 1142 3384 Amor
1164 3319 1336 3401 opitulatur

185 3419 298 3504 (Boiss
314 3440 343 3503 p.
362 3421 447 3501 163):
469 3414 503 3486 ‘0
518 3419 553 3484 δέ
567 3444 616 3498 τις
630 3409 737 3503 Ἔρως
753 3457 789 3466 -
806 3413 1045 3506 παρασκευάζει
1067 3415 1126 3504 τὴν
1147 3417 1181 3484 έκ
1200 3417 1337 3502 μέλανος

187 3515 267 3604 ὕλην
298 3523 371 3598 τοῖς
402 3523 596 3604 γράμμασιν,
631 3515 695 3586 ὅσα
727 3516 766 3607 δὴ
799 3520 962 3608 γραφέντα
987 3520 1126 3604 μηνῦσαι
1152 3517 1261 3602 μέλλει
1289 3521 1337 3606 τῷ

184 3620 373 3707 Ἱππολύτῳ
404 3615 461 3686 τείν
494 3618 615 3705 ἔρωτα·
643 3622 697 3687 καί
723 3625 763 3714 τῇ
793 3622 869 3710 λαιᾷ
900 3624 1020 3710 ταύτην
1045 3615 1175 3704 ἀνέχων,
1210 3619 1337 3706 θατέρᾳ

187 3718 289 3810 ταύτῃ
303 3724 360 3810 τὴν
375 3722 517 3810 γραφίδα
531 3713 643 3810 φέρων
658 3721 806 3808 ἐνέθηκε,
823 3723 951 3807 μέλλων
965 3723 1135 3790 ἐπιδοῦναι
1147 3727 1186 3812 τῇ
1201 3721 1337 3809 Φαίδρη.

189 3826 400 3892 Consimiliter
428 3827 582 3893 Ouidiana
610 3825 752 3892 Phaedra
775 3827 923 3892 Amorem
954 3845 985 3892 se
1011 3827 1087 3892 adeo
1118 3824 1337 3891 adhortantem

188 3927 282 4010 fingit
306 3947 334 3993 ν.
359 3930 398 3993 13
420 3947 481 4012 sp:

338 4028 391 4094 ille
414 4029 490 4094 mihi
514 4028 614 4110 primo
635 4027 794 4092 dubitanti
815 4026 948 4092 scribere
969 4027 1067 4091 dixit:

383 4128 520 4195 ‘Scribat
544 4129 633 4194 dabit
654 4129 755 4193 victas
777 4128 892 4194 ferreus
906 4128 969 4194 ¹ille
991 4129 1125 4192 manus’.
1170 4125 1172 4128 ’

190 4229 308 4294 Rhetor
329 4229 442 4312 pergit:
466 4224 485 4317 ἡ
509 4227 545 4294 δὲ
567 4227 712 4308 λαβοῦσα
737 4221 872 4311 γράψει’
895 4225 1021 4307 “Μέχρι
1044 4221 1084 4310 δη
1102 4225 1191 4303 πίνος
1206 4247 1337 4310 σωφρο-

190 4328 308 4415 νήσεις,
341 4329 532 4406 Ἶππόλοιε,·
567 4327 694 4411 Φαίδρα
715 4324 751 4393 δὲ
773 4330 882 4392 ποθεῖ
901 4350 937 4392 σε
964 4325 1017 4391 καί
1044 4321 1220 4407 βούλεταί.
1274 4325 1338 4390 Nu-

189 4431 251 4494 trix
273 4430 383 4496 deindo
409 4430 593 4495 describitur
614 4430 772 4494 dominam
795 4428 978 4494 adhortans:
1021 4427 1081 4491 ‘Tc'
1103 4427 1289 4509 πέπονθας,
1311 4410 1338 4488 ὦ

1123 4530 1140 4583 5
