3154 5076
731 391 766 442 8⁷

172 559 249 626 satis
270 560 381 626 habuit
402 561 529 630 addere:
550 553 727 646 ‘aberitque
740 561 825 641 diu’,
849 561 961 644 quibus
983 561 1084 628 verbis
1104 563 1230 646 insuper
1243 562 1325 627 tecte

129 687 132 692 ·
171 662 299 744 respicit
320 662 360 727 ad
382 663 598 746 Vergilianum
621 664 701 728 illud
724 663 816 746 (Aen.
839 663 894 735 VI,
917 663 978 726 617
1000 663 1074 745 sq.):
1099 660 1202 729 ‘sedet
1223 663 1324 729 aeter·

173 781 309 846 numque
330 764 448 828 sedebit
463 764 574 829 Infelix
597 755 755 830 Theseus'.
787 765 895 847 Neque
917 764 999 828 enim
1022 763 1120 842 uideo,
1145 783 1206 848 qua
1229 781 1324 828 causa

173 863 289 929 Theseo
312 865 434 930 crimini
456 867 536 930 verti
558 866 664 948 possit,
688 866 771 949 quod
794 865 910 948 nuptiis
931 865 1169 948 Hippodamiae,
1195 864 1232 929 de
1253 863 1323 946 qni·

170 963 229 1028 bus
251 964 322 1028 Birt
354 964 389 1044 (l.
413 968 433 1031 l.
455 987 485 1050 p.
508 968 584 1049 405)
619 967 747 1050 cogitat,
785 967 932 1032 monstra
954 965 1138 1049 propulsans
1172 965 1322 1030 uirtutem

170 1064 263 1130 tuens
285 1065 421 1131 adfuerit
436 1071 456 1131 ¹.

271 1164 387 1232 Seneca
420 1186 492 1233 uero
525 1167 558 1231 in
596 1169 654 1233 hoc
687 1168 829 1233 mutandi
861 1166 1020 1233 licentiam
1052 1168 1111 1232 sibi
1145 1165 1322 1248 assumpsit,

170 1267 254 1352 quod
278 1267 448 1352 Hippolyto
484 1287 546 1333 non
578 1269 712 1352 amplius
744 1269 778 1334 in
814 1287 956 1334 scaenam
988 1269 1138 1351 producto
1170 1268 1322 1332 Theseum

171 1369 329 1435 absentem
356 1369 456 1434 filium
479 1371 626 1435 conviciis
646 1371 849 1435 incessentem
873 1369 971 1435 finxit.
1022 1369 1176 1434 Graecum
1199 1369 1321 1452 poetam

171 1470 325 1552 optimam
350 1471 552 1549 occasionem,
586 1472 622 1534 nt
651 1470 806 1535 tumidam
839 1471 989 1535 sermonis
1024 1470 1153 1535 forensis
1187 1469 1322 1535 sciuris

168 1569 298 1636 dicundi
342 1571 518 1636 doctrinam
550 1572 744 1650 ostentaret,
790 1590 851 1636 non
885 1571 1127 1653 praetermisisse
1163 1570 1222 1652 frg.
1258 1571 1321 1636 442

170 1671 280 1750 vincit,
304 1671 385 1753 quod
409 1691 502 1754 supra
524 1673 635 1756 attigi3
657 1671 744 1750 adde,
768 1671 848 1754 quod
864 1671 1023 1736 Romanus
1040 1671 1174 1736 Theseus
1196 1671 1322 1754 perinde

169 1769 1321 1856 lmeWfflWmMmmufflfflm,Qm

169 1874 303 1956 denique
325 1873 450 1938 attende
473 1893 502 1938 v.
525 1873 586 1937 915
609 1893 653 1956 sq.
677 1873 852 1956 Euripideis
873 1873 935 1937 948
956 1891 1002 1955 sq.
1013 1874 1035 1937 ².

271 1971 1322 2057 wwmwfflfflfflmmwmmffim

170 2075 280 2157 utpote
312 2072 460 2139 audacem
493 2075 523 2138 et
558 2073 598 2138 ad
627 2074 742 2139 scelera
774 2091 918 2157 pronam,
951 2074 1120 2156 antequam
1153 2073 1322 2139 ulciscendi
1373 2149 1378 2160 ,

170 2174 377 2258 cupiditatem
412 2175 542 2239 interitu
574 2169 711 2256 privigni
750 2174 892 2257 explerit,
934 2175 971 2238 ut
1005 2173 1082 2238 bene
1115 2173 1196 2238 Weil
1232 2173 1319 2254 (Har.

169 2295 196 2358 p.
219 2277 254 2353 4)
282 2273 438 2357 exposuit,
472 2293 526 2357 pro
555 2292 697 2341 concesso
725 2294 823 2341 sumo.
872 2273 968 2340 Leoni
1002 2276 1107 2339 antem
1139 2274 1321 2358 adstipulor,

170 2378 222 2460 qni
245 2396 280 2442 ex
301 2375 479 2458 argumenti
501 2376 615 2441 natura
639 2377 878 2442 consentaneum
905 2393 970 2440 esse
991 2374 1078 2438 ducit
1104 2373 1139 2456 (l.
1155 2375 1176 2440 l.
1192 2395 1221 2457 p.
1249 2376 1320 2456 179)

169 2476 345 2542 Phaedram
381 2477 451 2558 post
475 2477 609 2542 relatum
641 2476 678 2542 de
712 2476 876 2561 Hippolyti
914 2476 1013 2541 morte
1044 2475 1189 2541 nundum
1215 2495 1320 2543 rursus

157 2578 378 2661 'comperuisse
404 2578 435 2642 et
462 2578 556 2642 morti
586 2597 659 2644 suae
680 2578 853 2661 praelatam
874 2595 948 2642 esse.
1001 2576 1187 2660 Quanquam
1206 2577 1240 2642 in
1262 2579 1321 2644 hac

169 2679 350 2763 quaestione
371 2678 458 2761 pensi
480 2696 540 2743 non
563 2680 661 2745 habeo
683 2679 744 2761 frg.
768 2679 845 2743 446:

321 2764 348 2842 ci
370 2773 521 2861 λαμπρὸς
542 2773 643 2866 αἰθὴρ
666 2778 786 2867 ἡμέρας
808 2779 844 2844 θ’
867 2772 967 2862 ἁγνὸν
988 2776 1083 2865 φάος,

318 2877 364 2955 ὦς
385 2875 441 2964 ἡδύ
464 2877 614 2944 λεύσσειν
634 2883 707 2957 τοῖς
730 2903 766 2944 τε
788 2878 994 2961 πράσσουσιν
1015 2876 1123 2956 καλῶς

317 2978 372 3043 καὶ
393 2982 481 3044 τοῖσι
502 2978 723 3060 δυστυχοῦσιν,
749 2964 795 3043 ὧν
816 2978 937 3064 πέφυκ’
963 2973 1036 3061 ἐγώ.

168 3080 1319 3165 QmmmmmffMmmmmmffiwm

168 3186 247 3248 mori
269 3182 403 3248 volentis
438 3182 516 3247 mihi
550 3201 612 3247 non
644 3182 807 3265 persuasit.
851 3181 941 3247 Talia
964 3181 1105 3265 quelibet
1124 3180 1320 3262 aegritudine

169 3285 199 3348 et
220 3284 426 3350 afflictatione
446 3302 478 3348 se
499 3282 652 3349 relaxanti
673 3283 770 3349 tribui
798 3302 886 3367 posse
911 3283 1097 3349 documento
1127 3282 1201 3347 sunt
1222 3281 1319 3363 ipsius

169 3385 327 3450 Phaedrae
349 3385 442 3449 uerba
463 3385 496 3448 in
519 3386 642 3449 servata
664 3385 770 3450 fabula
794 3403 821 3450 v.
845 3385 920 3449 672:
943 3379 984 3448 ici
1006 3386 1045 3467 γᾶ
1068 3381 1122 3447 καὶ
1144 3385 1225 3469 φῶς.
1246 3382 1251 3464 Ι
1269 3384 1320 3470 πᾷ

169 3483 243 3548 ποτ’
267 3482 407 3565 agelage
430 3483 540 3564 τύχας;
566 3486 597 3551 et
617 3486 701 3568 quod
723 3487 850 3551 maioris
872 3487 1021 3552 momenti
1043 3486 1103 3564 est,
1135 3503 1236 3549 nonne
1259 3503 1318 3548 nu-

168 3585 1314 3668 immmmmffimmddmmmmmwmmfflmQ

168 3705 196 3751 v.
220 3687 295 3751 178:
316 3684 392 3749 τόδε
414 3706 469 3750 σοι
488 3684 613 3771 φέγγος,
637 3683 788 3769 λαμπρὸς
809 3679 857 3751 ὅδ’
880 3683 1005 3774 aiteio?
1032 3689 1186 3770 Perquam
1207 3687 1319 3753 similis

169 3788 215 3851 est
236 3785 423 3868 Sophocleae
445 3787 586 3853 Electrae
607 3788 686 3853 lucis
708 3787 866 3853 invocatio
896 3808 925 3853 v.
949 3791 1005 3854 86:
1045 3773 1073 3852 ei
1105 3783 1192 3873 φάος
1223 3783 1320 3872 ἁγνὰν

169 3885 221 3951 καὶ
242 3889 302 3972 γῆς
323 3882 464 3969 ἰσόμοιρ’
488 3878 549 3976 οἷήρ
575 3889 627 3968 (cl.
650 3889 723 3953 Eur.
746 3888 793 3953 nl.
815 3888 877 3970 59).

270 4067 279 4098 ¹
298 4063 512 4118 In0vidiivers.
522 4063 714 4117 uomendum
724 4079 781 4116 non
791 4062 952 4118 delitescere
969 4063 1025 4116 iam
1035 4080 1198 4131 persuasum
1212 4064 1311 4132 habeo,

169 4151 217 4205 nbi
235 4153 320 4207 Birtii
339 4153 407 4206 felix
426 4151 603 4206 coniectandi
622 4151 744 4206 facilitas
764 4150 870 4205 frustra
888 4152 1027 4206 medelam
1046 4152 1252 4222 circumspexit.

266 4245 276 4274 ²
295 4241 357 4296 Non
381 4242 440 4294 siue
463 4240 553 4310 specie
576 4241 635 4294 veri
660 4240 726 4294 huic
746 4239 846 4294 Thesei
869 4241 990 4295 orationi
1009 4241 1149 4295 adscribes
1174 4242 1229 4312 fug.
1261 4243 1317 4298 inc.

169 4329 220 4382 897
242 4335 269 4384 et
286 4330 341 4401 frg.
355 4331 415 4394 968,
436 4346 491 4397 quo
510 4329 604 4398 potuit
616 4329 764 4399 Hippolyti
783 4328 933 4384 immodica
952 4329 995 4382 sni
1014 4328 1165 4384 admiratio
1184 4331 1318 4402 castigari

172 4415 218 4486 (cf.
237 4417 304 4472 Eur.
325 4418 387 4488 Hip.
408 4421 461 4473 994
479 4419 539 4488 sq).
