3142 5074
800 405 836 461 84

245 575 319 662 qnia
339 576 395 644 alii
417 596 521 644 rosam
534 597 570 644 es
583 575 736 644 Adonidis
757 596 866 643 cruore
888 577 1080 662 germinasse
1101 578 1275 644 referebant
1287 580 1307 644 ¹.
1335 578 1395 642 At·

245 693 305 763 que
327 678 410 763 quod
425 679 577 744 Antonini
599 681 758 744 auctorem
778 679 830 744 hic
851 677 917 744 illic
939 679 978 744 ab
1000 678 1071 743 aliis
1094 677 1254 745 deflectere
1275 698 1392 762 cogno·

245 781 356 859 vimus,
389 780 455 846 tam
483 779 622 863 impensa
652 779 794 846 variandi
817 778 924 862 libido,
953 778 980 843 si
1008 779 1083 862 quid
1110 779 1210 860 video,
1243 778 1396 846 Nicandri

244 881 369 965 ingenio
392 880 565 966 respondet,
592 880 666 945 licet
688 879 856 946 Schneider
877 881 958 946 hanc
980 880 1192 964 quaestionem
1216 880 1394 964 neglexerit.

245 983 305 1050 Sed
332 1001 439 1049 uerum
469 984 515 1048 est
547 982 742 1047 conlecturae
769 982 893 1047 nostrae
920 980 1011 1047 fidem
1039 982 1078 1048 ab
1106 982 1212 1065 aliqua
1241 982 1329 1064 perte
1359 998 1395 1045 eo

246 1084 371 1164 elevari,
404 1083 496 1167 qnod,
528 1082 564 1148 ut
585 1082 639 1147 ille
668 1081 892 1148 animadvertit
918 1082 960 1164 (p.
983 1081 1048 1165 69),
1082 1080 1233 1149 Antonini
1262 1081 1395 1164 epitome

246 1185 377 1251 mortem
400 1183 553 1250 Adonidis
575 1183 701 1265 eiusque
728 1183 761 1248 in
783 1201 953 1248 anemonen
980 1201 1162 1249 conversum
1191 1200 1330 1247 cruorem
1357 1201 1395 1246 ne

245 1288 339 1354 uerbo
372 1285 496 1369 quidem
529 1284 634 1367 tangit
642 1287 662 1350 ².
691 1319 734 1331 —
765 1284 877 1350 Restat
899 1284 1079 1350 Theodorus
1105 1284 1393 1368 Metamorphoseon

245 1389 366 1466 auctor,
398 1385 451 1469 qui
481 1385 630 1450 laudatur
660 1405 679 1451 a
708 1384 878 1450 Plutarcho
911 1385 944 1450 in
976 1385 1141 1450 Parallehs
1173 1385 1298 1469 eiusque
1330 1384 1395 1467 epi·

243 1489 398 1554 tomatore
420 1486 562 1566 Stobaeo,
591 1487 732 1565 testibus,
759 1486 889 1569 inquies,
924 1486 1016 1553 valde
1043 1486 1220 1571 suspiciosis
1228 1489 1250 1552 ⁸.
1294 1485 1395 1568 Atqui

246 1589 441 1655 Theodorum
478 1587 633 1671 quendem
668 1587 732 1652 tale
768 1605 845 1668 oprrs
876 1586 1082 1670 composuisse
1114 1587 1228 1653 diserte
1259 1587 1395 1652 testatur

245 1689 365 1754 Probus
393 1687 534 1754 indicans
557 1687 703 1769 Ovidium
732 1687 765 1750 in
794 1687 894 1753 altera
920 1687 1027 1754 fabula
1055 1688 1093 1753 de
1115 1688 1254 1772 Alcyone
1276 1687 1394 1752 Nican-

244 1788 345 1870 drum,
367 1789 400 1854 in
415 1789 515 1855 altera
531 1788 726 1854 Theodorum
748 1789 887 1856 secutum
911 1791 1003 1854 esset
1033 1789 1145 1873 Itaque
1164 1789 1191 1854 si
1205 1789 1394 1855 Plutarchus

245 1891 372 1957 maioris
395 1889 466 1955 fidei
488 1890 597 1958 auctor
619 1890 707 1969 esset,
742 1890 937 1956 Theodorum
959 1891 1081 1973 praeter
1103 1891 1220 1957 ceteros
1241 1891 1392 1970 auctores,

244 1992 327 2057 inter
359 2010 435 2075 quos
463 1991 622 2058 Nicandro
655 1992 786 2058 fortasse
817 1993 1008 2076 principatus
1040 1992 1169 2072 dandus,
1202 1992 1321 2058 Nasoni
1353 1991 1393 2057 ad

244 2114 372 2160 manum
394 2093 489 2160 fuisse
510 2093 660 2176 suspicari
683 2093 794 2158 merito
817 2093 917 2174 licuit,
951 2113 1022 2158 enm
1044 2094 1109 2160 eius
1132 2093 1270 2160 namatio
1292 2093 1325 2158 in
1346 2113 1394 2158 re·

280 2263 297 2294 ⁰
347 2317 357 2349 ¹
377 2315 417 2372 Cf.
437 2314 517 2370 Bion.
537 2315 627 2378 1,66:
649 2309 720 2386 αἷμα
740 2309 826 2386 ῥόδον
843 2317 934 2384 τίκτει,
952 2311 984 2368 τὰ
1003 2315 1035 2370 δὲ
1056 2310 1160 2383 δάκρυα
1178 2307 1393 2387 τὰνάνεμῶνιιν.

244 2402 409 2458 Philostrat.
429 2421 471 2473 ep.
492 2406 506 2456 1
526 2422 553 2473 p.
574 2405 626 2458 343
645 2404 679 2457 Κ.
716 2404 832 2473 Procop.
852 2402 935 2473 Soph.
955 2421 998 2474 ep.
1017 2403 1085 2458 VIII
1103 2422 1130 2474 p.
1151 2404 1203 2458 535
1221 2404 1256 2457 H.

349 2493 359 2524 ²
378 2491 579 2546 Callimachum
589 2491 688 2546 Ouidio
698 2491 836 2546 Adonidis
850 2492 975 2548 fabulam
986 2493 1111 2548 cantanti
1121 2493 1151 2547 in
1160 2497 1293 2562 promptu
1307 2489 1393 2544 fuisse

245 2578 354 2634 incerta
373 2583 415 2634 est
433 2578 553 2635 Reuehii
573 2580 733 2635 coniectura
753 2581 782 2648 (l.
802 2581 820 2634 l.
839 2599 866 2652 p.
887 2581 939 2650 73).

347 2668 544 2724 ⁸Historiolas
563 2669 711 2739 parallelas
722 2669 865 2724 Romanas
885 2671 920 2724 ab
939 2670 999 2741 ipso
1014 2671 1166 2726 Plutarcho
1186 2671 1222 2725 ad
1236 2669 1394 2739 exemplum

246 2761 377 2811 notarum
396 2757 498 2827 prioris
519 2757 624 2812 ordinis
644 2758 804 2812 fabularum
823 2758 955 2814 confictas
974 2777 1033 2815 esse
1046 2761 1130 2831 vulgo
1145 2760 1325 2816 contendunt.
1355 2758 1395 2811 At

244 2843 275 2897 in
293 2847 390 2898 nostra
407 2845 576 2912 mirandum,
601 2845 675 2899 unde
694 2845 826 2900 falsarius
846 2846 986 2915 peculiare
1006 2846 1241 2901 additamentum:
1270 2849 1396 2904 οἰνωθεὶς

244 2931 259 2986 ὁ
279 2931 367 3003 πατὴρ
386 2925 440 3007 ᾔτει
459 2933 519 3004 φῶς
537 2935 592 2985 κτλ.
611 2931 755 3002 conflarit‚'
774 2935 828 2988 nisi
847 2953 881 2989 ex
899 2934 1010 2990 diverso
1029 2937 1150 3003 auctore,
1179 2934 1203 2987 si
1224 2933 1394 3002 memineris,

246 3037 317 3089 quae
335 3037 420 3090 supra
438 3019 472 3074 de
491 3019 636 3075 ebrietatis
648 3019 783 3091 figmento
796 3022 979 3092 explanarim.
1018 3022 1148 3078 Ceterum
1167 3022 1243 3091 quod
1262 3022 1395 3078 laudatur

244 3109 274 3163 in
293 3107 348 3163 fine
366 3107 513 3176 Aristides,
537 3109 630 3163 nescio
650 3125 686 3162 en
708 3109 767 3164 eins
786 3111 938 3165 auctoritas
963 3110 1030 3165 huie
1049 3110 1160 3166 fabulae
1179 3111 1325 3181 aptissima
1343 3111 1395 3181 sit3

244 3215 309 3251 nam
333 3197 434 3252 Ouidio
462 3200 576 3251 auctore
597 3193 691 3262 (Trist.
710 3197 746 3259 ΙΙ,
765 3200 828 3265 413)
857 3195 964 3253 ‘iunxit
982 3199 1121 3254 Aristides
1140 3199 1251 3253 Milesia
1276 3199 1395 3254 crimina

245 3283 362 3340 sexum’.
399 3285 505 3356 Opinor
527 3284 616 3355 igitur
639 3285 670 3339 in
692 3285 743 3340 illa
765 3286 910 3341 Plutarchi
936 3286 1079 3357 farragine
1103 3305 1160 3341 non
1182 3288 1276 3342 omnia
1300 3287 1395 3342 subdi·

245 3373 313 3428 ticia
331 3391 398 3428 esse.
866 3373 869 3380 ⁴

346 3465 358 3496 ⁴
376 3462 422 3516 Ad
431 3460 514 3533 Verg.
534 3461 635 3533 Georg.
654 3463 676 3530 I,
701 3463 753 3517 399
770 3481 797 3533 p.
817 3465 851 3516 44
870 3464 905 3518 Κ.
941 3463 1092 3519 Schneider
1109 3464 1170 3520 Nic.
1189 3464 1243 3535 frg.
1256 3467 1290 3518 64
1309 3481 1335 3534 p.
1346 3464 1395 3533 683

245 3550 280 3606 cf.
299 3551 415 3606 Knaaclr
434 3551 488 3605 ll.
507 3567 534 3620 p.
554 3553 596 3604 54.
626 3581 660 3590 -
688 3550 800 3607 Servius
823 3552 859 3606 ad
882 3551 1001 3608 eundem
1019 3552 1137 3624 Vergilii
1161 3554 1252 3608 locum
1276 3553 1395 3607 alteram

245 3638 371 3695 fabulam
389 3639 424 3694 de
444 3640 530 3708 Ceyce
548 3638 672 3694 Luciferi
696 3638 755 3694 filio
777 3641 891 3709 eiusque
915 3659 1003 3696 uxore
1026 3643 1168 3711 proponit,
1198 3641 1336 3710 quemad
1355 3641 1394 3695 al·

244 3727 338 3779 terum
356 3729 452 3780 utrum
468 3731 611 3782 auctorem
622 3759 655 3768 -
667 3745 731 3783 narn
750 3729 785 3783 de
803 3730 901 3785 ordine
919 3730 1073 3801 ambigitur
1092 3731 1135 3799 (cl.
1150 3730 1277 3786 Schneid.
1290 3730 1307 3784 l.
1320 3731 1349 3798 l.)
1359 3757 1396 3768 -

244 3831 348 3885 magna
366 3832 429 3870 cum
447 3816 648 3886 probabilitate
665 3819 816 3872 revocabis.
853 3819 951 3874 Paullo
971 3820 1109 3890 copiosior
1128 3819 1218 3876 Servii
1231 3820 1265 3874 de
1277 3818 1395 3888 Myrrha

244 3905 370 3959 narratio
389 3905 483 3978 (Verg.
499 3906 564 3962 Bua
578 3908 613 3976 X,
628 3907 683 3978 18),
702 3925 763 3963 curn
784 3925 839 3976 qna
857 3909 1024 3964 Ouidianam
1043 3911 1219 3979 aliquatenus
1238 3907 1395 3964 consentire

246 3993 369 4062 exposui,
390 3995 537 4062 quominus
549 3995 690 4052 Nicandro
704 3996 871 4066 vindicetur,
891 3998 1089 4068 obstatrelate
1109 4000 1138 4054 in
1155 4017 1247 4054 rosam
1257 3995 1395 4052 Adonidis

245 4083 436 4137 commutatio.
472 4084 569 4154 Neque
593 4085 722 4156 equidem
740 4085 879 4140 Theodori
907 4089 1106 4143 auctoritatem
1129 4088 1265 4158 spondere
1295 4085 1395 4148 audeo,

245 4169 311 4237 quia
330 4169 465 4226 Stobaens
483 4173 606 4242 puellam
624 4173 654 4226 in
674 4173 741 4243 fuga
760 4173 930 4244 deprehendi
950 4176 1052 4245 refert;
1071 4177 1107 4231 de
1126 4194 1181 4246 qua
1204 4193 1234 4230 re
1253 4174 1283 4228 in
1302 4171 1394 4228 Servii

246 4259 445 4314 commentario
468 4261 539 4314 nihil
562 4261 675 4332 legitur.
703 4291 738 4300 -
767 4262 883 4316 Knaeck
904 4267 998 4318 autem
1017 4264 1071 4319 sibi
1090 4265 1230 4334 persuasit
1247 4280 1299 4338 per
1320 4279 1394 4318 com·

245 4347 415 4401 menterium
428 4347 592 4404 Servianum
613 4349 767 4418 dispersam
788 4367 846 4406 esse
865 4351 1145 4422 transfigurationum
1164 4353 1358 4408 collectionem
1377 4369 1395 4405 a

246 4432 307 4488 viro
327 4435 410 4490 docto
430 4435 535 4492 Graeco
554 4437 710 4492 confectam
729 4438 758 4509 (l.
778 4438 798 4494 l.
816 4456 843 4508 p.
863 4442 880 4494 8
898 4439 954 4510 (10)
973 4440 1008 4496 ef.
1027 4459 1054 4511 p.
1074 4441 1127 4511 41).
