3154 5076
780 427 812 482 tr

216 602 363 666 Velatum
386 600 543 682 expilasse,
568 601 591 664 ii
615 619 718 664 secum
741 601 894 683 reputent,
917 600 955 665 ad
968 600 1120 683 quantum
1143 601 1298 669 ambitum
1318 600 1367 668 in·

216 702 454 784 terpolationem
490 700 661 766 Coronileri
694 699 855 765 extendere
888 701 1029 767 debeant.
1072 703 1226 768 Diodorus
1259 703 1369 770 deinde

217 802 393 884 Asclepiadi
415 801 594 866 simillimus
616 801 649 864 in
667 819 701 865 eo
717 802 772 880 est,
800 801 882 883 quod
898 802 1019 867 nutrice
1034 802 1147 868 omissa
1163 805 1277 869 amoris
1293 822 1368 870 con·

216 903 380 968 sessionem
401 901 596 984 paucissimis
618 901 762 967 absolvit.
808 901 928 966 Addit¹
954 901 1128 968 Phaedram
1151 904 1291 970 Athenas
1319 925 1368 970 re·

217 1024 338 1070 uersam
348 1022 421 1082 esse,
436 1004 472 1067 ut
487 1003 668 1086 privignum
683 1003 765 1085 apud
781 1003 931 1067 Theseum
948 1003 1202 1070 calumniaretur.
1231 1005 1366 1072 Scaenae

216 1105 392 1182 translatio,
416 1121 494 1185 quae
522 1102 702 1186 tragoediae
729 1103 889 1185 obstrepit,
911 1103 1077 1169 historicae
1099 1105 1368 1171 verisimilitudini

217 1207 371 1290 conuenit.
426 1206 509 1270 Nam
541 1205 676 1270 Theseus
714 1224 765 1269 rex
802 1205 981 1270 deversatus
1016 1205 1070 1270 ille
1103 1207 1209 1289 paucis
1241 1207 1367 1271 tantum

217 1309 324 1374 diebus
346 1306 429 1390 apud
450 1306 611 1371 Pitthenm
638 1341 676 1350 -
699 1306 851 1369 omittunt
881 1305 1030 1370 nimirum
1054 1307 1270 1389 compilatores
1294 1307 1368 1372 Pal-

217 1409 408 1476 lantidarum
438 1426 543 1472 necem
571 1443 610 1452 -
638 1426 738 1471 nonne
764 1407 897 1471 Athenis
927 1407 1049 1490 imperii
1080 1407 1206 1491 negotia
1234 1409 1368 1489 recipere
1432 1392 1435 1396 ’

218 1511 332 1576 debet?
376 1509 435 1575 Sed
465 1509 609 1573 contorta
637 1507 784 1585 narratio,
820 1527 899 1590 quae
926 1508 1075 1591 sequitur,
1111 1508 1216 1592 paullo
1246 1509 1368 1574 altioris

217 1611 375 1694 indaginis
397 1611 457 1675 est:
496 1606 630 1693 Θησέως
652 1605 688 1671 δὲ
710 1603 919 1688 διστάζοντος
940 1606 1018 1690 περὶ
1041 1607 1100 1696 τῆς
1121 1608 1283 1697 διαβολῆς,
1313 1607 1367 1672 καὶ

218 1709 275 1777 τδν
306 1704 506 1776 Ἱππόλυτον
536 1707 836 1792 μεταπεμπομένου
866 1704 952 1791 πρὸς
978 1703 1035 1773 τδν
1068 1705 1207 1795 ἔλεγχον,
1242 1709 1368 1794 Φαίδρα

218 1813 277 1897 μὲν
298 1815 491 1899 φοβηθεῖσα
513 1805 571 1874 τδν
587 1809 764 1892 ἐξετασμόν
784 1804 1002 1893 ἀνεκρέμασεν
1020 1805 1145 1899 ἑαυτήν,
1172 1805 1368 1889 Ἱππόλυτος

219 1914 255 1980 δὲ
279 1910 524 1997 ἁρματηλατῶν,
559 1905 605 1988 tte
626 1900 745 1998 ἤκουσε
766 1908 807 1974 τὰ
829 1911 985 1996 περὶτῆς
1007 1910 1171 1996 διαβολῆς,
1204 1905 1367 1996 συνεχύθη

218 2011 276 2104 την
297 2007 414 2099 ψυχήν,
448 2012 501 2077 καὶ
531 2008 585 2077 διὰ
611 2014 713 2078 τοῦτο
741 2013 809 2077 τῶν
836 2013 953 2076 ἵππιον
978 2012 1209 2095 ταραχθέντων
1236 2013 1303 2077 κτλ.
1327 2049 1367 2060 -

220 2117 386 2184 Considera
414 2115 506 2180 modo
533 2115 615 2180 circa
642 2115 722 2180 hanc
743 2134 808 2179 rem
835 2115 982 2180 historico
1005 2115 1223 2180 difficultatem
1246 2133 1367 2180 omnem

219 2219 308 2302 verti,
344 2216 498 2299 quomodo
529 2216 711 2298 Neptunum
744 2215 861 2280 horridi
896 2217 1028 2280 monstri
1061 2216 1305 2280 machinatorem
1338 2219 1369 2282 et

219 2317 382 2402 Hippolyti
410 2318 658 2400 exsecrationem,
692 2317 728 2380 ut
751 2336 829 2399 quae
850 2318 983 2381 mortem
1012 2316 1224 2400 pragmaticae
1253 2317 1368 2382 rationi

219 2420 444 2503 repugnantem
469 2419 594 2496 inferat,
629 2436 799 2500 expungere
830 2418 935 2500 possit.
978 2418 1089 2500 Itaque
1112 2417 1248 2482 Theseus
1271 2417 1368 2481 animi

219 2521 353 2604 pendet²
376 2521 406 2584 et
427 2539 475 2584 res
498 2519 531 2582 in
547 2537 581 2583 eo
597 2520 654 2602 est,
678 2520 713 2582 ut
728 2518 916 2602 Hippolytus
931 2519 1118 2598 arcessatur;
1141 2521 1209 2582 turn
1225 2517 1368 2583 Phaedra

220 2620 382 2704 Hippolyti
411 2621 581 2685 instantem
611 2620 817 2684 defensionem
848 2620 957 2702 verita,
991 2619 1041 2684 cui
1069 2620 1204 2684 Theseus
1238 2619 1368 2683 fortasse

219 2723 311 2788 fidem
332 2721 496 2787 habiturus
520 2721 571 2801 sit,
599 2722 697 2785 morte
719 2721 897 2786 voluntaria
919 2740 984 2784 rem
1007 2720 1139 2784 conficit.
1183 2721 1227 2784 At
1247 2719 1369 2802 Hippo·

218 2825 302 2908 lytus
323 2821 406 2905 patri
433 2839 464 2885 se
490 2840 628 2903 purgans
654 2820 779 2885 omnino
803 2811 863 2885 non
887 2820 1077 2903 producitur,
1106 2821 1179 2903 quia
1206 2840 1276 2885 eum
1298 2821 1367 2885 tum

218 2925 282 2989 iam
304 2923 442 3005 oportuit
464 2921 502 2986 de
523 2940 672 2987 nouercae
694 2922 858 2986 calumniis
880 2921 1044 2986 certiorem
1066 2920 1142 2999 lieri,
1163 2939 1242 3003 quae
1261 2921 1368 3002 postea

220 3025 309 3109 quasi
330 3017 452 3106 λύσσης
480 3042 605 3087 munere
632 3023 816 3106 funguntur.
861 3023 905 3087 Hx
934 3023 1046 3105 quibus
1076 3022 1218 3087 omnibus
1245 3020 1305 3085 tibi
1327 3039 1369 3093 ,ne

220 3145 315 3190 unam
345 3125 469 3207 quidem
496 3123 675 3206 tragoediae
703 3142 847 3188 scaenam
876 3123 1021 3206 effingere
1051 3122 1223 3205 contingat.
1267 3123 1368 3185 Immo

220 3227 356 3291 Diodoro
375 3225 505 3290 eundem
526 3225 697 3290 similemve
719 3226 922 3307 archetypum
944 3227 1039 3307 atque
1055 3223 1232 3306 Asclepiadi
1246 3223 1368 3304 praesto

220 3328 322 3405 fuisse,
359 3345 450 3411 quem
484 3345 539 3390 suo
563 3325 664 3390 Marte
694 3326 860 3391 historicae
887 3326 1002 3390 rationi
1028 3322 1286 3400 accommodaret,
1321 3322 1369 3387 vel

220 3421 291 3493 inde
313 3427 451 3512 apparet,
474 3427 555 3509 quod
578 3427 660 3509 apud
683 3429 851 3510 utrumque
866 3428 947 3493 ratio
964 3426 1165 3503 desideratur,
1188 3442 1249 3506 qua
1265 3416 1284 3508 ἡ
1299 3420 1370 3486 δια-

219 3527 301 3616 βολη
323 3521 448 3616 φανερὰ
470 3527 618 3611 γίγνεται.
663 3528 816 3593 Diodorus
839 3530 944 3593 autom
968 3528 1064 3594 etiam
1079 3523 1255 3592 accuratius
1271 3523 1369 3588 altero

220 3630 367 3695 describit
388 3628 544 3710 Hurlpidis
566 3647 697 3695 versum,
712 3629 793 3693 1310
817 3629 907 3692 modo
930 3629 1061 3694 allatum
1087 3629 1120 3693 in
1144 3627 1205 3691 his:
1241 3622 1369 3706 Φαίδρα
1460 3689 1463 3693 .

219 3727 278 3812 μὲν
292 3731 484 3817 φοβηθεῖσα
493 3723 550 3793 τὸν
565 3725 742 3811 ἐξετασμόν
759 3731 870 3811 aptans
885 3748 955 3794 eum
972 3729 1097 3812 quidem
1113 3746 1168 3794 suo
1183 3725 1369 3810 propositor.

221 3908 420 3923 ’.ρ-

322 4019 331 4050 ¹
352 4021 407 4071 Καὶ
425 4016 635 4070 ἐπανελθοῦσαν
659 4019 698 4075 εἰς
719 4011 767 4076 τὰς
786 4009 896 4080 ’θήνας
921 4018 1008 4071 εἰπεῖν
1035 4015 1083 4085 (ια.
1104 4016 1188 4088 φασί)
1215 4013 1253 4086 τῷ
1277 4017 1370 4085 Θησεῖ,
1398 4044 1402 4047 -

223 4102 292 4162 διότι
311 4100 459 4172 ἐπεβάλετο
477 4092 635 4166 Ἱππόλυτος
654 4100 720 4179 chapp
737 4105 860 4176 μιγῆναι.

328 4192 418 4250 ²Hoc
436 4194 466 4248 in
484 4195 542 4248 ulla
559 4212 683 4263 unquam
703 4192 849 4264 tragoedis
875 4193 969 4247 locum
991 4191 1116 4246 invenire
1140 4189 1264 4260 potuisse
1287 4189 1369 4244 anteit

221 4284 330 4355 negavi.

323 4371 535 4426 lPraeclarum
554 4369 702 4425 affinitatis
721 4369 889 4438 exemplum,
916 4385 987 4436 quae
1010 4367 1134 4422 Diodoro
1163 4365 1226 4422 cum
1252 4366 1370 4420 historia

223 4461 397 4531 Asclepiadis
416 4461 529 4515 nomine
547 4465 647 4515 ornata
665 4459 825 4528 intercedit,
843 4457 985 4512 Schwartz
1004 4459 1033 4528 (l.
1053 4459 1070 4510 l.
1089 4474 1117 4526 p.
1129 4458 1182 4509 452
1194 4456 1247 4524 sq.)
1263 4454 1370 4522 attulit,
