3142 5074
717 422 766 476 121

170 597 290 678 ltaque,
313 595 345 659 in
368 615 428 678 quo
452 595 495 660 rei
517 595 610 661 cardo
630 596 775 675 vertitur,
799 597 891 678 poeta
913 595 967 660 ille
981 595 1209 684 Alexandriuus
1231 615 1321 680 nym-

174 697 241 780 phis
264 715 297 761 re
320 715 392 761 vera
414 697 565 779 quasdam
588 698 692 778 partas
715 696 835 762 dedisse
864 696 1002 772 videtum
1035 715 1095 779 quo
1122 697 1243 778 spectat
1265 696 1320 762 Se·

172 817 265 862 necao
296 798 479 862 vaticinatio
513 817 541 861 v.
565 797 626 862 774
648 816 710 881 sq.:
742 795 791 862 ‘te
822 815 945 862 nemore
977 797 1084 862 abdito
1117 831 1156 843 -
1194 797 1320 878 cingent

169 898 262 962 turba
284 897 378 962 licens
401 897 507 962 naides
528 889 710 980 improbae’.
734 935 771 942 -
801 899 886 980 Quae
910 897 1015 964 omnia
1036 896 1187 963 contendo
1209 898 1319 962 mutuo

170 1017 202 1063 se
229 998 347 1062 lumine
376 998 543 1064 illustrare.
586 998 716 1064 Accedit
744 999 885 1082 denique,
921 999 1002 1082 quod
1025 997 1140 1064 Seneca
1171 1002 1214 1080 (r.
1238 999 1320 1063 1080

171 1099 230 1180 sq.)
261 1100 400 1163 monstro
439 1098 542 1164 subito
582 1099 705 1165 obviam
745 1101 887 1164 currente
924 1100 1053 1165 fatalem
1086 1100 1224 1177 ruinam,
1258 1118 1320 1181 qua

169 1198 359 1281 Hippolytus
383 1199 420 1264 de
443 1217 535 1263 curru
558 1193 788 1282 praecipitetur,
815 1199 983 1266 adductam
1006 1219 1070 1266 esse
1092 1200 1194 1284 lingit,
1226 1200 1321 1282 atque

169 1299 202 1364 id
226 1300 265 1365 ab
287 1301 435 1383 Euripide
457 1300 884 1385 (Hip.1232sq.)recedens;
909 1322 1000 1385 quem
1022 1302 1151 1368 eundem
1175 1303 1319 1367 euentum

169 1401 380 1467 Philostratus
404 1403 509 1468 sumit.
553 1404 621 1468 Iam
645 1422 716 1468 vero
739 1405 883 1487 prompta
903 1405 949 1469 est
969 1404 1146 1470 coniectura
1161 1402 1319 1476 Senecam,

169 1521 239 1566 cum
264 1502 384 1567 virilem
401 1504 538 1585 corporis
554 1504 687 1570 formam
707 1505 813 1570 eadem
828 1505 959 1588 ratione,
981 1524 1043 1588 qua
1058 1504 1162 1570 Ovidii
1177 1503 1319 1568 Phaedra

169 1603 300 1667 eundem
322 1603 445 1669 heroem
475 1605 633 1670 celebrans
664 1606 752 1687 (Her.
762 1605 831 1688 ¹1V,
855 1607 894 1670 79
916 1610 987 1689 sq.)‚
1020 1606 1191 1689 legentium
1222 1604 1319 1670 oculis

167 1703 307 1769 subIoere
340 1706 468 1769 conetur
500 1709 542 1782 (u.
572 1706 633 1771 809
660 1707 730 1790 sp),
761 1726 822 1778 non
853 1707 955 1789 ipsum
989 1706 1135 1773 Ovidium
1167 1706 1219 1771 sed
1252 1705 1319 1769 aius

168 1806 324 1886 exemplar
347 1807 551 1888 exscripsisse.
579 1807 703 1871 Etenim
726 1807 836 1872 similis
858 1807 1038 1872 illustrandi
1053 1807 1133 1872 ratIo
1148 1807 1181 1871 in
1197 1805 1319 1889 Scyllae

111 1967 115 1974 .
168 1906 294 1972 iabrrla¹
317 1907 428 1987 probat
448 1907 526 1972 talia
549 1907 588 1972 ad
612 1908 767 1974 tumidum
781 1908 1063 1974 Alexandrinorum
1078 1909 1110 1972 ln
1126 1905 1319 1990 depingenda

168 2007 305 2088 corporis
328 2007 561 2090 pulchritudine
583 2011 767 2092 apparatum
791 2009 983 2092 pertinuisse.

270 2109 380 2174 Restat
399 2109 478 2175 alter
494 2111 653 2175 Romanae
673 2111 852 2194 tragoediae
874 2111 969 2189 locus,
994 2129 1053 2193 quo
1076 2109 1180 2173 nutrix
1204 2106 1318 2172 amoris

172 2210 276 2274 morbi
309 2210 461 2293 tacitique
485 2211 628 2276 desiderii
659 2213 756 2295 algnis
784 2196 1000 2277 enumerandis
1029 2209 1192 2275 immodice
1214 2227 1245 2272 se
1268 2226 1319 2272 er·

169 2310 274 2375 tendit
300 2311 342 2391 (v.
365 2312 406 2375 36
430 2313 499 2394 sq.)‚
534 2332 627 2395 quam
650 2314 814 2378 molestam
840 2313 1062 2396 loquacitatem
1089 2330 1144 2393 pro
1166 2327 1245 2374 novo
1268 2327 1319 2373 ar·

168 2414 318 2494 grumento
340 2412 464 2478 indiciis
487 2414 576 2496 quasi
599 2415 732 2480 externis
759 2415 879 2479 adicere
900 2413 989 2496 licet,
1019 2413 1131 2496 quibus
1160 2411 1192 2475 in
1218 2409 1318 2475 altera

168 2513 391 2596 disputationis
412 2515 499 2596 parte
520 2515 605 2580 nisus
626 2517 769 2582 suturam
785 2514 980 2580 adventiciae
994 2514 1072 2579 artis
1087 2515 1119 2578 ln
1135 2514 1193 2578 hac
1207 2529 1318 2576 scaena

167 2613 265 2678 latere
286 2614 460 2696 suspicatus
483 2633 552 2678 sum
575 2613 618 2698 (p.
643 2616 707 2696 29).
752 2616 834 2680 Nam
865 2615 1001 2697 optimus
1027 2614 1157 2697 quisque
1178 2611 1317 2695 tragicus
1406 2698 1409 2704 Ι

18 2709 42 2738 ’·
167 2714 259 2796 poeta
280 2713 313 2777 in
334 2714 450 2780 talibus
475 2716 567 2780 rebus
589 2716 670 2780 nude
693 2717 723 2782 et
745 2717 880 2781 tenuiter
900 2715 1103 2780 denarrandis
1125 2733 1186 2780 non
1208 2714 1317 2778 immo·

166 2814 298 2892 rabitur,
322 2816 358 2879 ut
381 2815 434 2898 qui
457 2817 611 2881 actionem
626 2836 744 2900 semper
757 2817 997 2900 circumspiciat,
1014 2815 1064 2882 oui
1076 2816 1198 2882 animus
1214 2815 1318 2879 atten-

167 2913 270 2979 datur.
314 2914 426 2999 Itaque
447 2917 609 3000 Euripides
631 2918 664 2982 id
686 2919 812 3001 quidem
834 2919 867 2982 in
889 2919 1070 2982 transcursu
1091 2916 1197 3000 tangit
1220 2915 1316 2980 Phae-

167 3013 256 3080 dram
294 3016 361 3082 cibo
398 3017 552 3084 abstinere
591 3039 689 3102 neque
721 3019 894 3103 quidquam
923 3018 1005 3084 idem
1036 3018 1164 3085 dubiam
1199 3035 1317 3099 semper

167 3118 342 3198 appetere²‚
370 3117 442 3195 alia,
465 3139 544 3202 quae
566 3123 656 3203 poeta
679 3121 838 3186 Romanus
860 3122 996 3196 enarrat,
1032 3119 1090 3202 ipsi
1112 3137 1240 3184 scaenae
1262 3135 1317 3200 po-

167 3217 231 3280 tius
254 3221 284 3280 et
306 3219 422 3283 aotIoni
445 3220 484 3284 ad
505 3221 727 3286 illustrandum
752 3221 836 3288 datl.
883 3222 954 3286 Aila
977 3221 1109 3304 denique
1130 3220 1202 3284 huic
1224 3219 1318 3284 Sene·

167 3336 222 3381 cae
243 3336 372 3382 scaenae
393 3321 499 3385 assuta
520 3341 593 3399 esse,
617 3341 695 3405 quae
713 3322 786 3386 solis
798 3323 921 3386 serioris
933 3322 1045 3387 aetatis
1057 3322 1181 3387 eroticis
1194 3319 1317 3402 propria

166 3419 240 3494 siut,
263 3419 300 3482 de
315 3418 395 3484 (ilris
418 3422 583 3503 exemplari
606 3423 768 3505 disputans
790 3423 854 3488 iam
876 3423 1051 3506 significavi
1074 3421 1118 3504 (p.
1131 3423 1170 3486 87
1185 3419 1258 3504 sq.):
1281 3422 1317 3483 ut

167 3521 288 3584 aestum
300 3521 445 3601 tacitum,
467 3523 521 3605 qui
534 3522 624 3588 vultu
637 3523 794 3605 proditur3
816 3524 914 3588 lassas
929 3543 1033 3607 genas,
1055 3524 1221 3588 nocturnas
1244 3539 1318 3603 qua-

166 3621 256 3701 relas,
276 3623 394 3705 pallida
417 3642 480 3702 ora,
503 3624 656 3689 marcidos
679 3624 792 3708 oculos,
815 3625 937 3690 crebras
958 3625 1104 3690 lacrimas
1118 3629 1159 3699 (v.
1171 3623 1233 3687 362
1246 3623 1316 3703 sq.).

167 3721 235 3801 Quo
268 3723 424 3804 pertinent
451 3725 546 3789 etiam
573 3743 601 3788 s.
625 3725 785 3804 99-111,
816 3726 927 3808 quibus
953 3725 1095 3790 Phaedra
1124 3724 1192 3807 ipsa
1219 3721 1317 3788 animi

165 3823 214 3888 sui
237 3825 485 3907 aegrotationem
508 3827 538 3891 et
561 3826 827 3908 perturbationem
854 3826 921 3891 fuse
942 3825 1092 3908 depingit.
1138 3825 1183 3888 Do
1205 3823 1316 3906 quibus

165 3927 356 3990 ornamentis
378 3927 449 3992 nolo
473 3928 573 3991 multa
598 3928 689 3992 verba
718 3927 828 4010 facere,
857 3947 926 3992 oum
954 3926 1135 4009 praesertim
1168 3924 1317 3990 exhausta

269 4203 278 4234 ¹
298 4201 348 4256 Ov.
369 4201 437 4256 Met.
458 4201 532 4270 VIII,
551 4205 586 4272 25
605 4221 644 4273 sq.
682 4203 723 4258 Cf.
743 4204 826 4274 Prop.
847 4204 883 4273 11,
904 4207 926 4258 l.
947 4208 963 4257 5
982 4221 1024 4272 sq.
1299 4253 1301 4258 .

268 4291 279 4322 ²
298 4289 340 4344 ef.
360 4289 422 4344 Sen.
441 4292 503 4351 373,
522 4290 590 4344 Eur.
613 4293 663 4346 135
682 4308 721 4360 sq.
741 4294 801 4345 275.
828 4322 860 4331 -
881 4291 943 4346 Son.
963 4293 1024 4357 365,
1044 4291 1113 4345 Eur.
1135 4289 1194 4344 153.

268 4378 340 4433 ³cf.
360 4378 423 4434 Sen.
441 4379 492 4434 367
513 4397 562 4450 sq.,
580 4379 648 4434 Eur.
670 4382 721 4434 170
738 4398 778 4449 sq.
798 4411 832 4420 -
851 4380 912 4436 Son.
933 4383 985 4434 370
1004 4397 1055 4449 sq.,
1074 4379 1142 4434 Eur.
1164 4380 1214 4432 198
1232 4394 1272 4446 sq.
