3154 5076
784 392 818 447 52

223 569 304 636 Cave
329 569 444 651 autem,
466 586 505 633 ne
526 587 560 633 ex
584 567 677 632 meris
699 567 850 646 frustulis,
886 586 965 650 quae
988 567 1173 650 compilator
1197 569 1285 652 legit,
1307 570 1371 635 tra-

222 670 365 755 goediam
387 668 524 734 effictam
547 686 611 732 esse
632 667 798 733 concludas
815 669 833 732 ¹.

321 773 358 838 In
382 770 502 854 Hygini
529 770 710 835 brevissima
741 769 920 834 narratione
945 769 981 846 (f.
1008 769 1063 848 47)
1089 769 1122 833 id
1152 771 1287 836 manime
1315 792 1371 838 no-

220 877 290 942 tatu
311 875 451 958 dignum,
475 870 557 953 quod
580 871 746 935 criminosa
764 870 921 934 Phaedrae
943 869 1075 951 epistula
1097 874 1369 938 commemoratur:

220 971 379 1041 ‘Phaedra
398 973 513 1038 Minois
535 972 599 1036 fiha
623 972 732 1036 Thesei
754 990 831 1036 uxor
853 971 1059 1054 Hippolytum
1081 972 1261 1054 privignum
1280 994 1370 1038 suum

221 1077 390 1144 adamavit.
435 1075 533 1157 Quem
556 1091 625 1138 cum
651 1092 711 1137 non
735 1074 887 1155 potuisset
907 1073 946 1138 ad
966 1091 1054 1138 suam
1077 1073 1241 1155 perducere
1259 1075 1371 1140 uolun-

219 1179 332 1256 tatem,
365 1175 497 1241 tabellas
529 1175 659 1255 scriptas
689 1173 729 1238 ad
754 1175 856 1238 virum
890 1192 980 1238 suurn
1014 1174 1101 1238 misit
1128 1193 1159 1239 se
1185 1177 1224 1240 ab
1253 1175 1369 1258 Hippo·

219 1281 285 1364 lyto
307 1295 512 1359 compressam
532 1294 596 1340 esse
617 1293 709 1357 seque
731 1275 800 1355 ipsa
823 1274 986 1357 suspendio
1012 1265 1158 1340 necavit’.
1193 1276 1369 1359 Epistulam

110 1425 113 1433 ·
194 1401 198 1408 ·
219 1381 318 1464 igitur
343 1377 490 1443 morienti
512 1375 670 1440 Phaedrae
694 1375 844 1440 adnexam
868 1394 929 1440 non
958 1376 1079 1441 nouisse
1108 1376 1240 1461 videtur,
1273 1378 1303 1442 in
1335 1399 1369 1444 eo

219 1481 365 1547 uidelicet
387 1499 405 1544 a
430 1477 547 1543 Graeco
578 1476 684 1558 aliquo
708 1476 874 1558 exemplari
902 1476 1046 1559 pendens,
1080 1478 1116 1542 ut
1138 1477 1300 1544 Plutarchi
1327 1481 1370 1544 si-

219 1583 303 1648 milis
334 1579 470 1645 brevitas
506 1577 606 1642 uincit
647 1577 763 1642 Parall.
799 1578 878 1642 34a:
924 1579 981 1664 τῆς
1015 1575 1051 1641 δὲ
1086 1575 1312 1660 προαιρέσεως
1347 1578 1368 1664 ἡ

218 1675 355 1767 ἀσελγής
384 1671 594 1758 ἀποτυχοῦσα
621 1676 757 1760 ψευδεῖς
784 1672 865 1740 κατὰ
896 1679 955 1740 τοῦ
986 1672 1160 1764 σώφρονος
1193 1674 1369 1757 ἐπιστολὰς

219 1778 351 1866 ἐχάραξε
369 1780 424 1844 καὶ
444 1773 554 1864 βρόχῳ
576 1773 614 1841 ιδ
637 1778 690 1864 ζῆν
711 1767 882 1862 ἀνήρτησε,
928 1779 1097 1844 Coroniferi
1121 1781 1225 1846 locum
1247 1782 1368 1847 subesse

218 1886 303 1968 puto,
325 1902 386 1966 quo
410 1881 626 1962 compilatores
646 1880 715 1962 plus
738 1880 832 1945 semel
854 1898 925 1945 usos
949 1899 1012 1944 esse
1032 1882 1153 1952 ostendi
1171 1901 1200 1947 v.
1215 1884 1295 1948 1310
1307 1903 1368 1966 sq.:

417 1973 439 2066 ἢ
461 1981 489 2046 δ’
513 1973 561 2057 εἰς
584 1976 714 2064 ἔλεγχον
734 1974 779 2068 μή
802 1979 887 2067 πέσῃ
911 1979 1098 2068 φοβουμένη

416 2083 555 2169 ψευδεῖς
576 2080 701 2166 γραφὰς
723 2077 847 2166 ἔγραψε
870 2083 924 2146 καὶ
945 2081 1081 2147 διώλεσε

415 2177 542 2249 δόλοισι
565 2176 625 2247 σδν
647 2181 738 2246 παῖδ’
763 2182 829 2246 κτλ.

216 2290 278 2354 Hic
300 2289 399 2372 igitur
420 2284 553 2368 epistula
575 2285 649 2348 item
672 2285 834 2366 separatur
856 2305 874 2350 a
896 2285 1070 2368 suspendio.
1115 2286 1174 2352 Sed
1198 2286 1291 2352 etiarn
1318 2287 1366 2350 ul·

216 2390 314 2455 terius
336 2385 480 2471 progredi
502 2385 591 2461 licetr
613 2405 686 2449 nam
710 2385 741 2448 ni
764 2385 857 2450 fallor
879 2386 1037 2452 fabulator
1052 2388 1212 2454 Romanus
1235 2388 1313 2471 legit
1333 2388 1365 2451 in

215 2491 356 2556 derivato
378 2488 483 2570 aliquo
507 2487 687 2569 exemplari:
711 2482 886 2565 ἐπιστολὰς
907 2485 1102 2568 ἐπέστειλεν,
1125 2489 1206 2554 unde
1227 2489 1286 2554 sibi
1309 2489 1364 2553 fin·

214 2592 261 2656 xit
290 2589 423 2655 tabellas
451 2587 569 2653 missas.
614 2589 737 2652 Etenim
760 2581 857 2671 ‘quae
886 2590 1051 2656 morientes
1078 2590 1219 2655 facienda
1248 2591 1366 2672 praeci·

214 2693 314 2775 piunt‚
337 2691 393 2754 illa
411 2689 558 2753 dicuntur
573 2688 683 2753 eximie
698 2689 823 2772 quidem
839 2687 1031 2775 ἐπισκῆψαι,
1048 2691 1100 2756 εοδ
1116 2692 1147 2756 et
1158 2681 1365 2770 ἐπιστεῖλαί,

214 2793 251 2857 ut
273 2791 465 2856 Valckenaer
498 2789 550 2871 (ad
580 2789 653 2856 Eur.
683 2791 755 2872 Hip.
787 2788 862 2872 858)
895 2792 1039 2874 exemplis
1073 2793 1158 2857 nisus
1192 2793 1365 2857 adnotavit.

213 2891 382 2958 Accusatio
409 2893 514 2958 autem
543 2911 576 2956 re
604 2910 678 2956 vera
707 2892 876 2957 extremum
905 2893 1066 2958 morientis
1090 2893 1248 2958 Phaedrae
1277 2912 1367 2957 man-

213 2994 324 3060 datum
346 2995 447 3058 erat2.
481 2993 589 3076 Neque
610 2993 643 3057 id
665 2993 933 3075 praetereundum,
959 2993 1041 3076 quod
1056 2994 1201 3077 Hyginus
1218 2993 1365 3076 expressis

211 3095 314 3160 uerbis
338 3080 415 3158 dicit
440 3093 593 3158 Theseum
615 3093 716 3158 hlium
738 3095 771 3158 in
794 3095 934 3159 exsilium
958 3094 1089 3160 eiecisse.

315 3196 360 3259 De
375 3194 538 3259 Plutarchi
552 3194 608 3258 illo
624 3195 781 3260 Parallelo
804 3195 883 3260 nihil
906 3195 982 3260 certi
1005 3195 1163 3262 affirmare
1183 3195 1266 3261 licet.
1301 3196 1363 3262 Ta-

212 3296 312 3361 hellae
335 3313 390 3358 nos
412 3293 553 3358 servatae
576 3294 739 3378 Hippolyti
763 3295 1059 3380 commonefaciunt3
1085 3298 1118 3361 at
1139 3315 1250 3362 scaena
1266 3296 1364 3361 Athe·

212 3396 260 3460 nis
288 3397 342 3474 est,
377 3413 446 3460 cunr
473 3393 594 3458 iuvenis
624 3395 726 3477 spreto
754 3413 905 3460 novercae
931 3416 1036 3462 amore
1063 3398 1113 3462 hic
1135 3418 1188 3481 per
1210 3398 1362 3464 nutricem

211 3495 349 3561 indicato
382 3496 523 3560 Athenas
555 3495 680 3577 linquat
715 3497 746 3561 et
779 3496 932 3562 Troezene
965 3500 1104 3564 venando
1138 3499 1237 3564 otium
1269 3498 1363 3565 terat.

211 3593 345 3662 Stoba'cc
379 3597 515 3670 auctore,
549 3596 602 3679 qui
634 3597 791 3680 integram
822 3599 1012 3686 narrationis
1045 3600 1179 3666 formam
1207 3601 1327 3666 exhibet
1340 3602 1361 3683 ⁸,

211 3816 259 3883 qui
280 3820 362 3870 antea
386 3820 421 3886 (p.
440 3816 505 3886 449)
530 3833 587 3870 non
609 3816 700 3871 minus
724 3817 868 3873 evidenter
886 3819 1040 3890 Euripideo
1058 3820 1272 3876 Phoenissarum
1296 3835 1360 3888 pro·

209 3905 274 3975 logo
293 3906 329 3959 ad
347 3906 544 3962 illustrandum
560 3906 716 3961 Diodorum
735 3907 784 3969 lll,
805 3909 840 3960 64
858 3926 923 3962 usus
942 3913 1010 3964 eret.

314 3996 323 4028 ¹
344 3995 627 4052 Callianassa
658 3992 726 4050 ‘Sed
751 3995 867 4050 minime
890 3997 1011 4065 quadrat
1033 3998 1063 4051 in
1086 3999 1212 4051 nostram
1235 3994 1360 4050 fabulam

210 4081 329 4138 Diodori
348 4086 483 4147 narratio,
505 4085 599 4154 aliqua
617 4102 651 4139 ex
669 4088 750 4154 parte
768 4089 845 4139 certe
863 4085 893 4138 in
913 4103 955 4154 ea,
972 4103 1044 4154 quae
1062 4085 1097 4140 de
1113 4085 1215 4140 Veleto
1233 4079 1358 4140 scimus’.

313 4172 324 4206 ²
343 4172 384 4227 uf.
404 4173 472 4228 Eur.
492 4173 557 4243 Hip.
575 4174 628 4227 858
647 4190 697 4241 sq„
721 4172 770 4227 ubi
789 4173 910 4228 Theseus
928 4174 1010 4230 haec:
1091 4193 1093 4200 ¹

456 4257 514 4314 ἀλλ’
533 4254 551 4328 ἦ
569 4264 666 4332 λέχους
683 4282 733 4333 μοι
751 4266 797 4315 recl
815 4266 918 4317 τέκνων
937 4260 1084 4324 ἐπιστολὰς

415 4357 418 4362 “
457 4350 581 4420 ἔγραψεν
599 4348 615 4417 ἡ
635 4344 768 4418 δύστηνος
785 4351 960 4423 ἐξαιτουμένη
966 4375 975 4418 ,·

308 4440 319 4471 ⁸
338 4437 413 4494 Flor.
432 4439 475 4494 64.
494 4440 543 4508 38;
561 4439 658 4494 laudat
675 4439 818 4510 Zopyrum
837 4441 868 4496 ἐν
884 4435 911 4511 γ’
925 4440 1068 4508 Θησηίδος.
1098 4440 1209 4496 Lobeck
1224 4436 1357 4510 Aglaoph.
