<?xml version="1.0" encoding="UTF-8"?>
<!DOCTYPE html PUBLIC "-//W3C//DTD XHTML 1.0 Transitional//EN"
    "http://www.w3.org/TR/xhtml1/DTD/xhtml1-transitional.dtd">
<html xmlns="http://www.w3.org/1999/xhtml" xml:lang="en" lang="en">
 <head>
  <title>
</title>
<meta http-equiv="Content-Type" content="text/html;charset=utf-8" />
  <meta name='ocr-system' content='tesseract 3.04.00' />
  <meta name='ocr-capabilities' content='ocr_page ocr_carea ocr_par ocr_line ocrx_word'/>
</head>
<body>
  <div class='ocr_page' id='page_1' title='image "./dehippolytiseur00kalkgoog_0030.png"; bbox 0 0 3154 5076; ppageno 0'>
   <div class='ocr_carea' id='block_1_1' title="bbox 730 407 762 459">
    <p class='ocr_par' dir='ltr' id='par_1_1' title="bbox 730 407 762 459">
     <span class='ocr_line' id='line_1_1' title="bbox 730 407 762 459; baseline 0.031 -1"><span class='ocrx_word' id='word_1_1' title='bbox 730 407 762 459; x_wconf 82' lang='grc'>17</span> 
     </span>
    </p>
   </div>
   <div class='ocr_carea' id='block_1_2' title="bbox 171 574 1326 1161">
    <p class='ocr_par' dir='ltr' id='par_1_2' title="bbox 171 574 1326 1161">
     <span class='ocr_line' id='line_1_2' title="bbox 174 574 1323 660; baseline 0 -18"><span class='ocrx_word' id='word_1_2' title='bbox 174 576 268 642; x_wconf 88' lang='lat' dir='ltr'>verba</span> <span class='ocrx_word' id='word_1_3' title='bbox 302 574 499 657; x_wconf 76' lang='lat' dir='ltr'>interposuit,</span> <span class='ocrx_word' id='word_1_4' title='bbox 536 575 648 659; x_wconf 92' lang='lat' dir='ltr'>quihus</span> <span class='ocrx_word' id='word_1_5' title='bbox 683 576 835 642; x_wconf 80' lang='lat' dir='ltr'>alluderet</span> <span class='ocrx_word' id='word_1_6' title='bbox 871 577 909 642; x_wconf 90' lang='lat' dir='ltr'>ad</span> <span class='ocrx_word' id='word_1_7' title='bbox 939 577 981 651; x_wconf 88' lang='lat' dir='ltr'>id,</span> <span class='ocrx_word' id='word_1_8' title='bbox 1015 577 1097 660; x_wconf 92' lang='lat' dir='ltr'>quod</span> <span class='ocrx_word' id='word_1_9' title='bbox 1120 578 1176 642; x_wconf 91' lang='lat' dir='ltr'>illa</span> <span class='ocrx_word' id='word_1_10' title='bbox 1198 597 1231 642; x_wconf 87' lang='lat' dir='ltr'>re</span> <span class='ocrx_word' id='word_1_11' title='bbox 1252 596 1323 642; x_wconf 84' lang='lat' dir='ltr'>vera</span> 
     </span>
     <span class='ocr_line' id='line_1_3' title="bbox 172 675 1325 760; baseline 0.002 -20"><span class='ocrx_word' id='word_1_12' title='bbox 172 676 312 740; x_wconf 89' lang='lat' dir='ltr'>molitur.</span> <span class='ocrx_word' id='word_1_13' title='bbox 335 712 372 720; x_wconf 93' lang='lat'><em>-</em></span> <span class='ocrx_word' id='word_1_14' title='bbox 398 675 571 740; x_wconf 77' lang='lat' dir='ltr'><strong>Videamus</strong></span> <span class='ocrx_word' id='word_1_15' title='bbox 593 677 702 759; x_wconf 85' lang='lat' dir='ltr'>igitur,</span> <span class='ocrx_word' id='word_1_16' title='bbox 724 695 799 742; x_wconf 88' lang='lat' dir='ltr'>num</span> <span class='ocrx_word' id='word_1_17' title='bbox 821 677 951 742; x_wconf 85' lang='lat' dir='ltr'>diuerbii</span> <span class='ocrx_word' id='word_1_18' title='bbox 973 696 1151 760; x_wconf 85' lang='lat' dir='ltr'>progressus</span> <span class='ocrx_word' id='word_1_19' title='bbox 1171 679 1219 744; x_wconf 87' lang='lat' dir='ltr'>his</span> <span class='ocrx_word' id='word_1_20' title='bbox 1241 679 1325 742; x_wconf 88' lang='lat' dir='ltr'>tene·</span> 
     </span>
     <span class='ocr_line' id='line_1_4' title="bbox 171 776 1324 842; baseline 0.001 -1"><span class='ocrx_word' id='word_1_21' title='bbox 171 777 235 841; x_wconf 87' lang='lat' dir='ltr'>hris</span> <span class='ocrx_word' id='word_1_22' title='bbox 257 777 359 841; x_wconf 89' lang='lat' dir='ltr'>lucem</span> <span class='ocrx_word' id='word_1_23' title='bbox 382 776 534 841; x_wconf 86' lang='lat' dir='ltr'>affundat.</span> <span class='ocrx_word' id='word_1_24' title='bbox 568 776 709 842; x_wconf 89' lang='lat' dir='ltr'>Phaedra</span> <span class='ocrx_word' id='word_1_25' title='bbox 732 778 812 842; x_wconf 91' lang='lat' dir='ltr'>enim</span> <span class='ocrx_word' id='word_1_26' title='bbox 836 777 1080 842; x_wconf 85' lang='lat' dir='ltr'>demonstratae</span> <span class='ocrx_word' id='word_1_27' title='bbox 1100 778 1231 842; x_wconf 88' lang='lat' dir='ltr'>nutricis</span> <span class='ocrx_word' id='word_1_28' title='bbox 1254 797 1324 842; x_wconf 92' lang='lat' dir='ltr'>con·</span> 
     </span>
     <span class='ocr_line' id='line_1_5' title="bbox 171 871 1326 964; baseline 0 -22"><span class='ocrx_word' id='word_1_29' title='bbox 171 877 277 942; x_wconf 90' lang='lat' dir='ltr'>silium</span> <span class='ocrx_word' id='word_1_30' title='bbox 313 879 483 960; x_wconf 89' lang='lat' dir='ltr'>approhare</span> <span class='ocrx_word' id='word_1_31' title='bbox 515 878 737 960; x_wconf 84' lang='lat' dir='ltr'>interrogando</span> <span class='ocrx_word' id='word_1_32' title='bbox 771 897 799 943; x_wconf 85' lang='lat' dir='ltr'>r.</span> <span class='ocrx_word' id='word_1_33' title='bbox 824 879 900 942; x_wconf 83' lang='lat'>516:</span> <span class='ocrx_word' id='word_1_34' title='bbox 935 871 1123 959; x_wconf 68' lang='lat' dir='ltr'>adceperit</span> <span class='ocrx_word' id='word_1_35' title='bbox 1151 871 1326 964; x_wconf 62' lang='lat' dir='ltr'>paroeciali</span> 
     </span>
     <span class='ocr_line' id='line_1_6' title="bbox 171 970 1324 1063; baseline 0.003 -23"><span class='ocrx_word' id='word_1_36' title='bbox 171 972 278 1041; x_wconf 78' lang='grc' dir='ltr'><em>ποτὸν</em></span> <span class='ocrx_word' id='word_1_37' title='bbox 299 974 337 1041; x_wconf 78' lang='grc' dir='ltr'>τὸ</span> <span class='ocrx_word' id='word_1_38' title='bbox 367 970 556 1063; x_wconf 62' lang='lat' dir='ltr'>metoparum</span> <span class='ocrx_word' id='word_1_39' title='bbox 587 977 656 1044; x_wconf 86' lang='lat' dir='ltr'>Soio</span> <span class='ocrx_word' id='word_1_40' title='bbox 690 979 878 1044; x_wconf 78' lang='lat' dir='ltr'>sexcentiens</span> <span class='ocrx_word' id='word_1_41' title='bbox 910 972 1065 1063; x_wconf 84' lang='grc' dir='ltr'><em>φάρμακα</em></span> <span class='ocrx_word' id='word_1_42' title='bbox 1101 979 1182 1044; x_wconf 87' lang='lat' dir='ltr'>idem</span> <span class='ocrx_word' id='word_1_43' title='bbox 1212 979 1324 1062; x_wconf 81' lang='lat' dir='ltr'>valere,</span> 
     </span>
     <span class='ocr_line' id='line_1_7' title="bbox 172 1079 1324 1161; baseline 0.002 -19"><span class='ocrx_word' id='word_1_44' title='bbox 172 1079 255 1161; x_wconf 91' lang='lat' dir='ltr'>quod</span> <span class='ocrx_word' id='word_1_45' title='bbox 272 1079 505 1144; x_wconf 73' lang='lat' dir='ltr'>incantamenta</span> <span class='ocrx_word' id='word_1_46' title='bbox 535 1079 745 1145; x_wconf 85' lang='lat' dir='ltr'>devinctioues</span> <span class='ocrx_word' id='word_1_47' title='bbox 778 1079 935 1145; x_wconf 86' lang='lat' dir='ltr'>veneficia.</span> <span class='ocrx_word' id='word_1_48' title='bbox 981 1080 1040 1146; x_wconf 86' lang='lat' dir='ltr'>Sed</span> <span class='ocrx_word' id='word_1_49' title='bbox 1060 1083 1164 1146; x_wconf 91' lang='lat' dir='ltr'>nostro</span> <span class='ocrx_word' id='word_1_50' title='bbox 1189 1082 1256 1145; x_wconf 92' lang='lat' dir='ltr'>loco</span> <span class='ocrx_word' id='word_1_51' title='bbox 1279 1080 1324 1146; x_wconf 83' lang='lat' dir='ltr'>al·</span> 
     </span>
    </p>
   </div>
   <div class='ocr_carea' id='block_1_3' title="bbox 170 1174 1437 1265">
    <p class='ocr_par' dir='ltr' id='par_1_3' title="bbox 170 1174 1437 1265">
     <span class='ocr_line' id='line_1_8' title="bbox 170 1174 1437 1265; baseline 0.004 -23"><span class='ocrx_word' id='word_1_52' title='bbox 170 1179 262 1245; x_wconf 89' lang='lat' dir='ltr'>firmo</span> <span class='ocrx_word' id='word_1_53' title='bbox 284 1180 403 1245; x_wconf 87' lang='lat' dir='ltr'>voculis</span> <span class='ocrx_word' id='word_1_54' title='bbox 424 1174 557 1260; x_wconf 79' lang='grc' dir='ltr'><em>χριστόν</em></span> <span class='ocrx_word' id='word_1_55' title='bbox 584 1182 615 1244; x_wconf 93' lang='lat' dir='ltr'>et</span> <span class='ocrx_word' id='word_1_56' title='bbox 640 1174 748 1244; x_wconf 79' lang='grc' dir='ltr'><em>ποτόν</em></span> <span class='ocrx_word' id='word_1_57' title='bbox 775 1180 852 1246; x_wconf 87' lang='lat' dir='ltr'>satis</span> <span class='ocrx_word' id='word_1_58' title='bbox 872 1181 1037 1247; x_wconf 86' lang='lat' dir='ltr'>manifesto</span> <span class='ocrx_word' id='word_1_59' title='bbox 1059 1181 1237 1265; x_wconf 85' lang='lat' dir='ltr'>significata</span> <span class='ocrx_word' id='word_1_60' title='bbox 1260 1200 1323 1246; x_wconf 87' lang='lat' dir='ltr'>esse</span> <span class='ocrx_word' id='word_1_61' title='bbox 1435 1248 1437 1254; x_wconf 80' lang='grc'><em>,</em></span> 
     </span>
    </p>
   </div>
   <div class='ocr_carea' id='block_1_4' title="bbox 170 1281 1326 3384">
    <p class='ocr_par' dir='ltr' id='par_1_4' title="bbox 170 1281 1326 2476">
     <span class='ocr_line' id='line_1_9' title="bbox 170 1281 1325 1365; baseline 0.003 -22"><span class='ocrx_word' id='word_1_62' title='bbox 170 1281 307 1345; x_wconf 90' lang='lat' dir='ltr'>remedia</span> <span class='ocrx_word' id='word_1_63' title='bbox 329 1281 368 1345; x_wconf 89' lang='lat' dir='ltr'>ad</span> <span class='ocrx_word' id='word_1_64' title='bbox 392 1283 533 1346; x_wconf 86' lang='lat' dir='ltr'><strong>morbum</strong></span> <span class='ocrx_word' id='word_1_65' title='bbox 557 1281 779 1365; x_wconf 88' lang='lat' dir='ltr'>depellendum,</span> <span class='ocrx_word' id='word_1_66' title='bbox 807 1282 920 1365; x_wconf 87' lang='lat' dir='ltr'>quippe</span> <span class='ocrx_word' id='word_1_67' title='bbox 947 1302 1026 1364; x_wconf 90' lang='lat' dir='ltr'>quae</span> <span class='ocrx_word' id='word_1_68' title='bbox 1050 1283 1151 1346; x_wconf 88' lang='lat' dir='ltr'>divisa</span> <span class='ocrx_word' id='word_1_69' title='bbox 1178 1301 1242 1346; x_wconf 85' lang='lat' dir='ltr'>esse</span> <span class='ocrx_word' id='word_1_70' title='bbox 1265 1283 1325 1346; x_wconf 87' lang='lat' dir='ltr'>sci·</span> 
     </span>
     <span class='ocr_line' id='line_1_10' title="bbox 171 1382 1322 1466; baseline 0.002 -20"><span class='ocrx_word' id='word_1_71' title='bbox 171 1401 272 1462; x_wconf 85' lang='lat' dir='ltr'>amus,</span> <span class='ocrx_word' id='word_1_72' title='bbox 295 1384 388 1464; x_wconf 92' lang='lat' dir='ltr'>prout</span> <span class='ocrx_word' id='word_1_73' title='bbox 407 1383 540 1448; x_wconf 90' lang='lat' dir='ltr'>hibenda</span> <span class='ocrx_word' id='word_1_74' title='bbox 556 1384 606 1447; x_wconf 87' lang='lat' dir='ltr'>vel</span> <span class='ocrx_word' id='word_1_75' title='bbox 627 1383 803 1448; x_wconf 77' lang='lat' dir='ltr'>inhibenda</span> <span class='ocrx_word' id='word_1_76' title='bbox 825 1383 873 1448; x_wconf 87' lang='lat' dir='ltr'>vel</span> <span class='ocrx_word' id='word_1_77' title='bbox 897 1382 1029 1466; x_wconf 88' lang='lat' dir='ltr'>denique</span> <span class='ocrx_word' id='word_1_78' title='bbox 1051 1383 1167 1448; x_wconf 88' lang='lat' dir='ltr'>edenda</span> <span class='ocrx_word' id='word_1_79' title='bbox 1190 1384 1292 1448; x_wconf 89' lang='lat' dir='ltr'>essent</span> <span class='ocrx_word' id='word_1_80' title='bbox 1304 1386 1322 1448; x_wconf 90' lang='lat'>¹.</span> 
     </span>
     <span class='ocr_line' id='line_1_11' title="bbox 171 1481 1322 1568; baseline 0 -20"><span class='ocrx_word' id='word_1_81' title='bbox 171 1481 232 1548; x_wconf 83' lang='lat' dir='ltr'>Sed</span> <span class='ocrx_word' id='word_1_82' title='bbox 255 1485 352 1549; x_wconf 90' lang='lat' dir='ltr'>etiam</span> <span class='ocrx_word' id='word_1_83' title='bbox 375 1483 520 1566; x_wconf 84' lang='lat' dir='ltr'>graviora</span> <span class='ocrx_word' id='word_1_84' title='bbox 543 1485 665 1566; x_wconf 90' lang='lat' dir='ltr'>praesto</span> <span class='ocrx_word' id='word_1_85' title='bbox 686 1485 769 1557; x_wconf 89' lang='lat' dir='ltr'>sunt,</span> <span class='ocrx_word' id='word_1_86' title='bbox 793 1503 872 1566; x_wconf 93' lang='lat' dir='ltr'>quae</span> <span class='ocrx_word' id='word_1_87' title='bbox 893 1485 926 1548; x_wconf 91' lang='lat' dir='ltr'>in</span> <span class='ocrx_word' id='word_1_88' title='bbox 942 1485 1048 1567; x_wconf 89' lang='lat' dir='ltr'>aperto</span> <span class='ocrx_word' id='word_1_89' title='bbox 1064 1485 1182 1568; x_wconf 91' lang='lat' dir='ltr'>ponant</span> <span class='ocrx_word' id='word_1_90' title='bbox 1205 1485 1322 1548; x_wconf 87' lang='lat' dir='ltr'>veteres</span> 
     </span>
     <span class='ocr_line' id='line_1_12' title="bbox 170 1583 1325 1668; baseline 0.001 -22"><span class='ocrx_word' id='word_1_91' title='bbox 170 1583 302 1648; x_wconf 85' lang='lat' dir='ltr'>lectores</span> <span class='ocrx_word' id='word_1_92' title='bbox 324 1584 484 1650; x_wconf 85' lang='lat' dir='ltr'>Phaedrae</span> <span class='ocrx_word' id='word_1_93' title='bbox 516 1586 610 1649; x_wconf 87' lang='lat' dir='ltr'>verba</span> <span class='ocrx_word' id='word_1_94' title='bbox 640 1585 768 1649; x_wconf 88' lang='lat' dir='ltr'>minime</span> <span class='ocrx_word' id='word_1_95' title='bbox 801 1584 839 1649; x_wconf 88' lang='lat' dir='ltr'>ad</span> <span class='ocrx_word' id='word_1_96' title='bbox 875 1585 985 1668; x_wconf 90' lang='lat' dir='ltr'>pocula</span> <span class='ocrx_word' id='word_1_97' title='bbox 1019 1585 1182 1663; x_wconf 82' lang='lat' dir='ltr'>amatoria,</span> <span class='ocrx_word' id='word_1_98' title='bbox 1213 1584 1325 1667; x_wconf 91' lang='lat' dir='ltr'>quibus</span> 
     </span>
     <span class='ocr_line' id='line_1_13' title="bbox 171 1683 1324 1766; baseline 0.002 -18"><span class='ocrx_word' id='word_1_99' title='bbox 171 1683 362 1766; x_wconf 83' lang='lat' dir='ltr'>Hippolytus</span> <span class='ocrx_word' id='word_1_100' title='bbox 390 1685 573 1750; x_wconf 90' lang='lat' dir='ltr'>alliciendus</span> <span class='ocrx_word' id='word_1_101' title='bbox 601 1687 689 1760; x_wconf 81' lang='lat' dir='ltr'>esset.</span> <span class='ocrx_word' id='word_1_102' title='bbox 724 1685 776 1750; x_wconf 89' lang='lat' dir='ltr'>sed</span> <span class='ocrx_word' id='word_1_103' title='bbox 799 1685 839 1750; x_wconf 91' lang='lat' dir='ltr'>ad</span> <span class='ocrx_word' id='word_1_104' title='bbox 861 1686 995 1751; x_wconf 89' lang='lat' dir='ltr'>remedia</span> <span class='ocrx_word' id='word_1_105' title='bbox 1020 1686 1155 1760; x_wconf 86' lang='lat' dir='ltr'>furorem</span> <span class='ocrx_word' id='word_1_106' title='bbox 1184 1684 1324 1750; x_wconf 84' lang='lat' dir='ltr'>levantia</span> 
     </span>
     <span class='ocr_line' id='line_1_14' title="bbox 171 1785 1325 1870; baseline 0.002 -22"><span class='ocrx_word' id='word_1_107' title='bbox 171 1785 340 1850; x_wconf 87' lang='lat' dir='ltr'>rettulisse.</span> <span class='ocrx_word' id='word_1_108' title='bbox 376 1786 469 1867; x_wconf 90' lang='lat' dir='ltr'>Nam,</span> <span class='ocrx_word' id='word_1_109' title='bbox 500 1787 527 1850; x_wconf 87' lang='lat' dir='ltr'>si</span> <span class='ocrx_word' id='word_1_110' title='bbox 550 1786 624 1868; x_wconf 88' lang='lat' dir='ltr'>quid</span> <span class='ocrx_word' id='word_1_111' title='bbox 647 1787 746 1869; x_wconf 83' lang='lat' dir='ltr'>video,</span> <span class='ocrx_word' id='word_1_112' title='bbox 777 1787 918 1870; x_wconf 88' lang='lat' dir='ltr'>tragicus</span> <span class='ocrx_word' id='word_1_113' title='bbox 947 1789 1051 1852; x_wconf 88' lang='lat' dir='ltr'>nostro</span> <span class='ocrx_word' id='word_1_114' title='bbox 1073 1788 1151 1866; x_wconf 88' lang='lat' dir='ltr'>loco,</span> <span class='ocrx_word' id='word_1_115' title='bbox 1183 1788 1219 1850; x_wconf 93' lang='lat' dir='ltr'>ut</span> <span class='ocrx_word' id='word_1_116' title='bbox 1246 1787 1325 1852; x_wconf 87' lang='lat' dir='ltr'>alias</span> 
     </span>
     <span class='ocr_line' id='line_1_15' title="bbox 171 1886 1324 1972; baseline 0.002 -22"><span class='ocrx_word' id='word_1_117' title='bbox 171 1886 360 1968; x_wconf 80' lang='lat' dir='ltr'>saepissime,</span> <span class='ocrx_word' id='word_1_118' title='bbox 384 1887 507 1952; x_wconf 90' lang='lat' dir='ltr'>eroticis</span> <span class='ocrx_word' id='word_1_119' title='bbox 526 1889 743 1952; x_wconf 88' lang='lat' dir='ltr'>oruamentum</span> <span class='ocrx_word' id='word_1_120' title='bbox 767 1890 893 1970; x_wconf 85' lang='lat' dir='ltr'>gratum</span> <span class='ocrx_word' id='word_1_121' title='bbox 915 1889 1136 1972; x_wconf 89' lang='lat' dir='ltr'>acceptumque</span> <span class='ocrx_word' id='word_1_122' title='bbox 1152 1889 1324 1971; x_wconf 79' lang='lat' dir='ltr'>suggessit3</span> 
     </span>
     <span class='ocr_line' id='line_1_16' title="bbox 173 1987 1326 2055; baseline 0.003 -5"><span class='ocrx_word' id='word_1_123' title='bbox 173 2005 245 2053; x_wconf 90' lang='lat' dir='ltr'>curn</span> <span class='ocrx_word' id='word_1_124' title='bbox 277 1987 326 2051; x_wconf 89' lang='lat' dir='ltr'>illi</span> <span class='ocrx_word' id='word_1_125' title='bbox 361 1990 435 2052; x_wconf 91' lang='lat' dir='ltr'>bene</span> <span class='ocrx_word' id='word_1_126' title='bbox 468 1989 625 2053; x_wconf 85' lang='lat' dir='ltr'>occultum</span> <span class='ocrx_word' id='word_1_127' title='bbox 658 2007 781 2053; x_wconf 89' lang='lat' dir='ltr'>sensum</span> <span class='ocrx_word' id='word_1_128' title='bbox 817 1989 949 2054; x_wconf 82' lang='lat' dir='ltr'>assecuti</span> <span class='ocrx_word' id='word_1_129' title='bbox 974 1991 1057 2054; x_wconf 92' lang='lat' dir='ltr'>huno</span> <span class='ocrx_word' id='word_1_130' title='bbox 1085 1991 1187 2055; x_wconf 90' lang='lat' dir='ltr'>locum</span> <span class='ocrx_word' id='word_1_131' title='bbox 1215 1990 1326 2055; x_wconf 89' lang='lat' dir='ltr'>leuiter</span> 
     </span>
     <span class='ocr_line' id='line_1_17' title="bbox 172 2081 1326 2178; baseline 0 -25"><span class='ocrx_word' id='word_1_132' title='bbox 172 2089 218 2154; x_wconf 84' lang='lat' dir='ltr'>sio</span> <span class='ocrx_word' id='word_1_133' title='bbox 250 2089 425 2153; x_wconf 87' lang='lat' dir='ltr'>inflectant:</span> <span class='ocrx_word' id='word_1_134' title='bbox 458 2089 555 2173; x_wconf 83' lang='lat' dir='ltr'>Long.</span> <span class='ocrx_word' id='word_1_135' title='bbox 581 2090 667 2154; x_wconf 87' lang='lat' dir='ltr'>Past.</span> <span class='ocrx_word' id='word_1_136' title='bbox 689 2091 731 2168; x_wconf 86' lang='grc' dir='ltr'>ΙΙ,</span> <span class='ocrx_word' id='word_1_137' title='bbox 755 2091 783 2154; x_wconf 85' lang='grc'>7.</span> <span class='ocrx_word' id='word_1_138' title='bbox 808 2090 840 2154; x_wconf 85' lang='grc'>7;</span> <span class='ocrx_word' id='word_1_139' title='bbox 869 2090 1012 2171; x_wconf 82' lang='grc' dir='ltr'><em>Ἔρωτος</em></span> <span class='ocrx_word' id='word_1_140' title='bbox 1034 2081 1131 2156; x_wconf 73' lang='grc' dir='ltr'><em>ον’δὲν</em></span> <span class='ocrx_word' id='word_1_141' title='bbox 1153 2091 1326 2178; x_wconf 81' lang='grc' dir='ltr'><em>φάρμακον</em></span> 
     </span>
     <span class='ocr_line' id='line_1_18' title="bbox 174 2180 1325 2276; baseline 0.001 -21"><span class='ocrx_word' id='word_1_142' title='bbox 174 2181 213 2255; x_wconf 77' lang='grc' dir='ltr'>οὗ</span> <span class='ocrx_word' id='word_1_143' title='bbox 236 2183 415 2271; x_wconf 81' lang='grc' dir='ltr'><em>πινόμενον</em></span> <span class='ocrx_word' id='word_1_144' title='bbox 448 2180 510 2254; x_wconf 64' lang='grc' dir='ltr'>οὐκ</span> <span class='ocrx_word' id='word_1_145' title='bbox 543 2184 744 2272; x_wconf 72' lang='grc' dir='ltr'><strong><em>ἐσθιόμενον</em></strong></span> <span class='ocrx_word' id='word_1_146' title='bbox 778 2180 836 2254; x_wconf 71' lang='grc' dir='ltr'>οὐκ</span> <span class='ocrx_word' id='word_1_147' title='bbox 872 2188 905 2254; x_wconf 78' lang='grc' dir='ltr'>ἐν</span> <span class='ocrx_word' id='word_1_148' title='bbox 928 2182 1028 2276; x_wconf 72' lang='grc' dir='ltr'><em>ᾠδαῖς</em></span> <span class='ocrx_word' id='word_1_149' title='bbox 1049 2185 1252 2274; x_wconf 80' lang='grc' dir='ltr'><em>λαλούμενον</em></span> <span class='ocrx_word' id='word_1_150' title='bbox 1274 2187 1325 2256; x_wconf 78' lang='grc' dir='ltr'>ὅτι</span> 
     </span>
     <span class='ocr_line' id='line_1_19' title="bbox 171 2285 1324 2380; baseline 0.003 -26"><span class='ocrx_word' id='word_1_151' title='bbox 171 2285 217 2375; x_wconf 83' lang='grc' dir='ltr'><em>μή</em></span> <span class='ocrx_word' id='word_1_152' title='bbox 241 2290 368 2378; x_wconf 77' lang='grc' dir='ltr'><em>φίλημα</em></span> <span class='ocrx_word' id='word_1_153' title='bbox 389 2291 443 2356; x_wconf 84' lang='grc' dir='ltr'>καὶ</span> <span class='ocrx_word' id='word_1_154' title='bbox 465 2286 625 2380; x_wconf 73' lang='grc' dir='ltr'><em>περιβολή</em></span> <span class='ocrx_word' id='word_1_155' title='bbox 648 2290 714 2355; x_wconf 79' lang='grc' dir='ltr'>κτλ.</span> <span class='ocrx_word' id='word_1_156' title='bbox 763 2291 829 2372; x_wconf 83' lang='lat' dir='ltr'>Quo</span> <span class='ocrx_word' id='word_1_157' title='bbox 856 2293 1039 2358; x_wconf 84' lang='lat' dir='ltr'>Theocritus</span> <span class='ocrx_word' id='word_1_158' title='bbox 1069 2313 1191 2376; x_wconf 87' lang='lat' dir='ltr'>quoque</span> <span class='ocrx_word' id='word_1_159' title='bbox 1212 2294 1324 2372; x_wconf 87' lang='lat' dir='ltr'>tandit,</span> 
     </span>
     <span class='ocr_line' id='line_1_20' title="bbox 174 2392 1240 2476; baseline 0 -18"><span class='ocrx_word' id='word_1_160' title='bbox 174 2393 228 2476; x_wconf 89' lang='lat' dir='ltr'>qui</span> <span class='ocrx_word' id='word_1_161' title='bbox 252 2413 271 2458; x_wconf 89' lang='lat' dir='ltr'>a</span> <span class='ocrx_word' id='word_1_162' title='bbox 294 2394 427 2476; x_wconf 83' lang='lat' dir='ltr'>genuino</span> <span class='ocrx_word' id='word_1_163' title='bbox 450 2411 539 2458; x_wconf 88' lang='lat' dir='ltr'>sensu</span> <span class='ocrx_word' id='word_1_164' title='bbox 564 2392 722 2457; x_wconf 90' lang='lat' dir='ltr'>declinans</span> <span class='ocrx_word' id='word_1_165' title='bbox 744 2393 852 2458; x_wconf 90' lang='lat' dir='ltr'>Musas</span> <span class='ocrx_word' id='word_1_166' title='bbox 875 2394 1040 2475; x_wconf 83' lang='lat' dir='ltr'>supponit²</span> <span class='ocrx_word' id='word_1_167' title='bbox 1060 2394 1107 2458; x_wconf 91' lang='lat' dir='ltr'>Id.</span> <span class='ocrx_word' id='word_1_168' title='bbox 1125 2394 1181 2472; x_wconf 82' lang='grc' dir='ltr'>ΧΙ,</span> <span class='ocrx_word' id='word_1_169' title='bbox 1206 2395 1240 2458; x_wconf 87' lang='lat'>1:</span> 
     </span>
    </p>

    <p class='ocr_par' dir='ltr' id='par_1_5' title="bbox 327 2484 1197 2580">
     <span class='ocr_line' id='line_1_21' title="bbox 327 2484 1197 2580; baseline 0 -22"><span class='ocrx_word' id='word_1_170' title='bbox 327 2487 428 2558; x_wconf 77' lang='grc' dir='ltr'><em>Οὐδὲν</em></span> <span class='ocrx_word' id='word_1_171' title='bbox 450 2489 518 2557; x_wconf 76' lang='grc' dir='ltr'>πὸτ</span> <span class='ocrx_word' id='word_1_172' title='bbox 539 2488 596 2556; x_wconf 85' lang='grc' dir='ltr'>τὸν</span> <span class='ocrx_word' id='word_1_173' title='bbox 619 2488 726 2575; x_wconf 76' lang='grc' dir='ltr'><em>ἔρωτα</em></span> <span class='ocrx_word' id='word_1_174' title='bbox 748 2494 889 2578; x_wconf 81' lang='grc' dir='ltr'><em>πεφύκει</em></span> <span class='ocrx_word' id='word_1_175' title='bbox 912 2489 1087 2580; x_wconf 81' lang='grc' dir='ltr'><em>φάρμακον</em></span> <span class='ocrx_word' id='word_1_176' title='bbox 1108 2484 1197 2573; x_wconf 67' lang='grc' dir='ltr'><em>ἄλλο,</em></span> 
     </span>
    </p>

    <p class='ocr_par' dir='ltr' id='par_1_6' title="bbox 325 2584 1247 2678">
     <span class='ocr_line' id='line_1_22' title="bbox 325 2584 1247 2678; baseline -0.003 -19"><span class='ocrx_word' id='word_1_177' title='bbox 325 2592 432 2678; x_wconf 85' lang='grc' dir='ltr'><strong><em>Νικία,</em></strong></span> <span class='ocrx_word' id='word_1_178' title='bbox 455 2594 521 2659; x_wconf 81' lang='grc' dir='ltr'><strong>οὔτ’</strong></span> <span class='ocrx_word' id='word_1_179' title='bbox 545 2589 722 2678; x_wconf 73' lang='grc' dir='ltr'><em>ἔνχριστον,</em></span> <span class='ocrx_word' id='word_1_180' title='bbox 744 2591 815 2675; x_wconf 81' lang='grc' dir='ltr'><em>ἐμὶν</em></span> <span class='ocrx_word' id='word_1_181' title='bbox 837 2593 938 2674; x_wconf 78' lang='grc' dir='ltr'><em>δοκεῖ,</em></span> <span class='ocrx_word' id='word_1_182' title='bbox 960 2584 1028 2658; x_wconf 75' lang='lat' dir='ltr'>or’r&#39;c’</span> <span class='ocrx_word' id='word_1_183' title='bbox 1053 2593 1247 2678; x_wconf 78' lang='lat' dir='ltr'>a’atrrouaoo,</span> 
     </span>
    </p>

    <p class='ocr_par' dir='ltr' id='par_1_7' title="bbox 175 2689 1326 3384">
     <span class='ocr_line' id='line_1_23' title="bbox 325 2689 1136 2780; baseline 0.001 -20"><span class='ocrx_word' id='word_1_184' title='bbox 325 2689 348 2780; x_wconf 77' lang='grc' dir='ltr'><em>ἢ</em></span> <span class='ocrx_word' id='word_1_185' title='bbox 369 2695 422 2760; x_wconf 82' lang='grc' dir='ltr'>ταὶ</span> <span class='ocrx_word' id='word_1_186' title='bbox 447 2693 609 2777; x_wconf 82' lang='grc' dir='ltr'><em>Πιερίδες.</em></span> <span class='ocrx_word' id='word_1_187' title='bbox 1133 2721 1136 2726; x_wconf 50' lang='lat'><strong><em>¹</em></strong></span> 
     </span>
     <span class='ocr_line' id='line_1_24' title="bbox 175 2796 1326 2879; baseline -0.003 -16"><span class='ocrx_word' id='word_1_188' title='bbox 175 2798 310 2863; x_wconf 83' lang='lat' dir='ltr'>Amatus</span> <span class='ocrx_word' id='word_1_189' title='bbox 344 2800 448 2862; x_wconf 88' lang='lat' dir='ltr'>autem</span> <span class='ocrx_word' id='word_1_190' title='bbox 482 2797 609 2861; x_wconf 91' lang='lat' dir='ltr'>unicum</span> <span class='ocrx_word' id='word_1_191' title='bbox 639 2796 810 2861; x_wconf 90' lang='lat' dir='ltr'>remedium</span> <span class='ocrx_word' id='word_1_192' title='bbox 843 2798 890 2860; x_wconf 90' lang='lat' dir='ltr'>est</span> <span class='ocrx_word' id='word_1_193' title='bbox 923 2798 958 2860; x_wconf 91' lang='lat' dir='ltr'>ut</span> <span class='ocrx_word' id='word_1_194' title='bbox 987 2797 1114 2879; x_wconf 87' lang='lat' dir='ltr'>Delphis</span> <span class='ocrx_word' id='word_1_195' title='bbox 1149 2796 1326 2861; x_wconf 85' lang='lat' dir='ltr'>Simaethae</span> 
     </span>
     <span class='ocr_line' id='line_1_25' title="bbox 175 2895 1325 2979; baseline -0.004 -17"><span class='ocrx_word' id='word_1_196' title='bbox 175 2899 257 2979; x_wconf 91' lang='lat' dir='ltr'>apud</span> <span class='ocrx_word' id='word_1_197' title='bbox 281 2899 478 2962; x_wconf 83' lang='lat' dir='ltr'>Theocritum</span> <span class='ocrx_word' id='word_1_198' title='bbox 501 2899 521 2962; x_wconf 90' lang='lat' dir='ltr'>l.</span> <span class='ocrx_word' id='word_1_199' title='bbox 542 2898 562 2962; x_wconf 93' lang='grc'>1.</span> <span class='ocrx_word' id='word_1_200' title='bbox 586 2897 640 2974; x_wconf 88' lang='lat' dir='ltr'>(cf.</span> <span class='ocrx_word' id='word_1_201' title='bbox 659 2898 755 2962; x_wconf 85' lang='lat' dir='ltr'>Anth.</span> <span class='ocrx_word' id='word_1_202' title='bbox 778 2897 846 2962; x_wconf 90' lang='lat' dir='ltr'>Pal.</span> <span class='ocrx_word' id='word_1_203' title='bbox 864 2898 901 2976; x_wconf 86' lang='lat' dir='ltr'>V,</span> <span class='ocrx_word' id='word_1_204' title='bbox 926 2899 994 2962; x_wconf 88' lang='grc'><strong>116.</strong></span> <span class='ocrx_word' id='word_1_205' title='bbox 1012 2897 1170 2961; x_wconf 75' lang='lat' dir='ltr'>Chariton.</span> <span class='ocrx_word' id='word_1_206' title='bbox 1187 2895 1325 2978; x_wconf 88' lang='lat' dir='ltr'>Aphrod.</span> 
     </span>
     <span class='ocr_line' id='line_1_26' title="bbox 175 2997 1325 3081; baseline -0.003 -18"><span class='ocrx_word' id='word_1_207' title='bbox 175 2998 230 3077; x_wconf 85' lang='lat' dir='ltr'>VI,</span> <span class='ocrx_word' id='word_1_208' title='bbox 254 3001 283 3065; x_wconf 89' lang='lat'>3.</span> <span class='ocrx_word' id='word_1_209' title='bbox 298 2999 326 3062; x_wconf 84' lang='lat'>7.</span> <span class='ocrx_word' id='word_1_210' title='bbox 351 2997 451 3062; x_wconf 89' lang='lat' dir='ltr'>Nicet.</span> <span class='ocrx_word' id='word_1_211' title='bbox 468 2998 600 3081; x_wconf 80' lang='lat' dir='ltr'>Eug.ll‚</span> <span class='ocrx_word' id='word_1_212' title='bbox 625 2999 715 3077; x_wconf 81' lang='lat' dir='ltr'>243r;</span> <span class='ocrx_word' id='word_1_213' title='bbox 742 3001 836 3081; x_wconf 91' lang='lat' dir='ltr'>atque</span> <span class='ocrx_word' id='word_1_214' title='bbox 858 2999 940 3062; x_wconf 91' lang='lat' dir='ltr'>hunc</span> <span class='ocrx_word' id='word_1_215' title='bbox 962 2999 994 3061; x_wconf 92' lang='lat' dir='ltr'>in</span> <span class='ocrx_word' id='word_1_216' title='bbox 1016 2997 1180 3080; x_wconf 85' lang='lat' dir='ltr'>tragoedia</span> <span class='ocrx_word' id='word_1_217' title='bbox 1204 3015 1325 3079; x_wconf 88' lang='lat' dir='ltr'>quoque</span> 
     </span>
     <span class='ocr_line' id='line_1_27' title="bbox 175 3097 1324 3182; baseline -0.004 -17"><span class='ocrx_word' id='word_1_218' title='bbox 175 3101 282 3165; x_wconf 80' lang='lat' dir='ltr'>nutrix</span> <span class='ocrx_word' id='word_1_219' title='bbox 295 3119 413 3182; x_wconf 82' lang='lat' dir='ltr'>semper</span> <span class='ocrx_word' id='word_1_220' title='bbox 428 3099 584 3178; x_wconf 84' lang='lat' dir='ltr'>subaudit,</span> <span class='ocrx_word' id='word_1_221' title='bbox 608 3118 698 3182; x_wconf 88' lang='lat' dir='ltr'>quem</span> <span class='ocrx_word' id='word_1_222' title='bbox 716 3098 860 3162; x_wconf 87' lang='lat' dir='ltr'>videlicet</span> <span class='ocrx_word' id='word_1_223' title='bbox 875 3097 999 3162; x_wconf 91' lang='lat' dir='ltr'>aditura</span> <span class='ocrx_word' id='word_1_224' title='bbox 1016 3098 1057 3161; x_wconf 93' lang='lat' dir='ltr'>sit</span> <span class='ocrx_word' id='word_1_225' title='bbox 1072 3097 1123 3174; x_wconf 85' lang='lat' dir='ltr'>(ol.</span> <span class='ocrx_word' id='word_1_226' title='bbox 1141 3117 1169 3161; x_wconf 89' lang='lat' dir='ltr'>v.</span> <span class='ocrx_word' id='word_1_227' title='bbox 1183 3097 1243 3161; x_wconf 81' lang='lat'>698</span> <span class='ocrx_word' id='word_1_228' title='bbox 1255 3097 1324 3179; x_wconf 86' lang='lat' dir='ltr'>sq.)‚</span> 
     </span>
     <span class='ocr_line' id='line_1_28' title="bbox 175 3198 1324 3283; baseline -0.004 -17"><span class='ocrx_word' id='word_1_229' title='bbox 175 3201 347 3266; x_wconf 89' lang='lat' dir='ltr'>utstatim</span> <span class='ocrx_word' id='word_1_230' title='bbox 374 3219 532 3282; x_wconf 86' lang='lat' dir='ltr'>exponam.</span> <span class='ocrx_word' id='word_1_231' title='bbox 583 3201 731 3265; x_wconf 83' lang='lat' dir='ltr'>Amorem</span> <span class='ocrx_word' id='word_1_232' title='bbox 764 3200 873 3283; x_wconf 84' lang='lat' dir='ltr'>igitur,</span> <span class='ocrx_word' id='word_1_233' title='bbox 907 3218 997 3281; x_wconf 90' lang='lat' dir='ltr'>quem</span> <span class='ocrx_word' id='word_1_234' title='bbox 1029 3218 1107 3264; x_wconf 91' lang='lat' dir='ltr'>anus</span> <span class='ocrx_word' id='word_1_235' title='bbox 1135 3198 1324 3262; x_wconf 86' lang='lat' dir='ltr'>carminibus</span> 
     </span>
     <span class='ocr_line' id='line_1_29' title="bbox 176 3298 1325 3384; baseline -0.003 -18"><span class='ocrx_word' id='word_1_236' title='bbox 176 3303 294 3368; x_wconf 87' lang='lat' dir='ltr'>solvere</span> <span class='ocrx_word' id='word_1_237' title='bbox 306 3321 337 3367; x_wconf 93' lang='lat' dir='ltr'>se</span> <span class='ocrx_word' id='word_1_238' title='bbox 349 3320 436 3384; x_wconf 88' lang='lat' dir='ltr'>posse</span> <span class='ocrx_word' id='word_1_239' title='bbox 448 3301 673 3384; x_wconf 89' lang='lat' dir='ltr'>profitebantur</span> <span class='ocrx_word' id='word_1_240' title='bbox 682 3304 703 3384; x_wconf 79' lang='lat'>³,</span> <span class='ocrx_word' id='word_1_241' title='bbox 727 3320 825 3383; x_wconf 88' lang='lat' dir='ltr'>neque</span> <span class='ocrx_word' id='word_1_242' title='bbox 839 3302 906 3366; x_wconf 90' lang='lat' dir='ltr'>arte</span> <span class='ocrx_word' id='word_1_243' title='bbox 925 3301 1049 3382; x_wconf 86' lang='lat' dir='ltr'>magica</span> <span class='ocrx_word' id='word_1_244' title='bbox 1061 3318 1158 3382; x_wconf 90' lang='lat' dir='ltr'>neque</span> <span class='ocrx_word' id='word_1_245' title='bbox 1171 3298 1325 3362; x_wconf 88' lang='lat' dir='ltr'>medicina</span> 
     </span>
    </p>
   </div>
   <div class='ocr_carea' id='block_1_5' title="bbox 175 3549 1326 3783">
    <p class='ocr_par' dir='ltr' id='par_1_8' title="bbox 175 3549 1326 3783">
     <span class='ocr_line' id='line_1_30' title="bbox 278 3549 1326 3621; baseline 0.001 -17"><span class='ocrx_word' id='word_1_246' title='bbox 278 3553 287 3582; x_wconf 93' lang='lat'>¹</span> <span class='ocrx_word' id='word_1_247' title='bbox 308 3551 348 3604; x_wconf 85' lang='lat' dir='ltr'>cf.</span> <span class='ocrx_word' id='word_1_248' title='bbox 368 3551 467 3605; x_wconf 87' lang='lat' dir='ltr'>Aesch.</span> <span class='ocrx_word' id='word_1_249' title='bbox 487 3550 628 3604; x_wconf 90' lang='lat' dir='ltr'>Prometh.</span> <span class='ocrx_word' id='word_1_250' title='bbox 648 3551 700 3602; x_wconf 85' lang='grc'>478</span> <span class='ocrx_word' id='word_1_251' title='bbox 718 3567 758 3619; x_wconf 88' lang='lat' dir='ltr'>sq.</span> <span class='ocrx_word' id='word_1_252' title='bbox 779 3550 857 3604; x_wconf 88' lang='lat' dir='ltr'>Pind.</span> <span class='ocrx_word' id='word_1_253' title='bbox 878 3550 958 3621; x_wconf 86' lang='lat' dir='ltr'>Pyth.</span> <span class='ocrx_word' id='word_1_254' title='bbox 979 3549 1150 3620; x_wconf 82' lang='lat' dir='ltr'>111,5a(92)</span> <span class='ocrx_word' id='word_1_255' title='bbox 1170 3568 1210 3619; x_wconf 85' lang='lat' dir='ltr'>sq.</span> <span class='ocrx_word' id='word_1_256' title='bbox 1235 3549 1326 3605; x_wconf 85' lang='lat' dir='ltr'>Schol.</span> 
     </span>
     <span class='ocr_line' id='line_1_31' title="bbox 175 3633 1325 3711; baseline -0.003 -16"><span class='ocrx_word' id='word_1_257' title='bbox 175 3642 262 3696; x_wconf 82' lang='lat' dir='ltr'>Arist.</span> <span class='ocrx_word' id='word_1_258' title='bbox 283 3640 356 3694; x_wconf 82' lang='lat' dir='ltr'>Plut.</span> <span class='ocrx_word' id='word_1_259' title='bbox 375 3641 438 3693; x_wconf 86' lang='lat'>717:</span> <span class='ocrx_word' id='word_1_260' title='bbox 473 3637 537 3694; x_wconf 81' lang='grc' dir='ltr'>Τῶν</span> <span class='ocrx_word' id='word_1_261' title='bbox 565 3634 722 3711; x_wconf 77' lang='grc' dir='ltr'><em>φαρμάκων</em></span> <span class='ocrx_word' id='word_1_262' title='bbox 748 3635 781 3690; x_wconf 84' lang='grc' dir='ltr'>τὰ</span> <span class='ocrx_word' id='word_1_263' title='bbox 811 3640 866 3710; x_wconf 80' lang='grc' dir='ltr'>μὲν</span> <span class='ocrx_word' id='word_1_264' title='bbox 898 3634 1083 3708; x_wconf 66' lang='lat' dir='ltr'>carantocum,</span> <span class='ocrx_word' id='word_1_265' title='bbox 1115 3637 1147 3692; x_wconf 83' lang='grc' dir='ltr'>τὰ</span> <span class='ocrx_word' id='word_1_266' title='bbox 1167 3640 1198 3691; x_wconf 76' lang='grc' dir='ltr'>δὲ</span> <span class='ocrx_word' id='word_1_267' title='bbox 1216 3633 1325 3710; x_wconf 53' lang='lat' dir='ltr'>perorsi,</span> 
     </span>
     <span class='ocr_line' id='line_1_32' title="bbox 175 3723 638 3783; baseline -0.004 -1"><span class='ocrx_word' id='word_1_268' title='bbox 175 3727 209 3783; x_wconf 78' lang='lat' dir='ltr'>rte</span> <span class='ocrx_word' id='word_1_269' title='bbox 229 3731 260 3783; x_wconf 73' lang='grc' dir='ltr'>δὲ</span> <span class='ocrx_word' id='word_1_270' title='bbox 280 3724 359 3783; x_wconf 79' lang='grc' dir='ltr'><strong>ποτά.</strong></span> <span class='ocrx_word' id='word_1_271' title='bbox 636 3723 638 3728; x_wconf 56' lang='grc'>’</span> 
     </span>
    </p>
   </div>
   <div class='ocr_carea' id='block_1_6' title="bbox 176 3814 1329 4328">
    <p class='ocr_par' dir='ltr' id='par_1_9' title="bbox 176 3814 1329 4328">
     <span class='ocr_line' id='line_1_33' title="bbox 278 3814 1327 3888; baseline -0.001 -17"><span class='ocrx_word' id='word_1_272' title='bbox 278 3819 289 3851; x_wconf 79' lang='lat'>²</span> <span class='ocrx_word' id='word_1_273' title='bbox 310 3817 351 3870; x_wconf 79' lang='lat' dir='ltr'>uf.</span> <span class='ocrx_word' id='word_1_274' title='bbox 369 3815 528 3871; x_wconf 83' lang='lat' dir='ltr'>Callimach.</span> <span class='ocrx_word' id='word_1_275' title='bbox 542 3815 641 3884; x_wconf 81' lang='lat' dir='ltr'>Epigr.</span> <span class='ocrx_word' id='word_1_276' title='bbox 654 3814 757 3869; x_wconf 86' lang='lat' dir='ltr'>XLVII</span> <span class='ocrx_word' id='word_1_277' title='bbox 770 3814 852 3870; x_wconf 89' lang='lat' dir='ltr'>Schu.</span> <span class='ocrx_word' id='word_1_278' title='bbox 871 3815 998 3870; x_wconf 87' lang='lat' dir='ltr'>Praeivit</span> <span class='ocrx_word' id='word_1_279' title='bbox 1008 3815 1176 3888; x_wconf 79' lang='lat' dir='ltr'>Philoxenus</span> <span class='ocrx_word' id='word_1_280' title='bbox 1190 3815 1225 3870; x_wconf 84' lang='lat' dir='ltr'>cl.</span> <span class='ocrx_word' id='word_1_281' title='bbox 1237 3815 1327 3870; x_wconf 89' lang='lat' dir='ltr'>Schol.</span> 
     </span>
     <span class='ocr_line' id='line_1_34' title="bbox 176 3902 1327 3974; baseline -0.003 -16"><span class='ocrx_word' id='word_1_282' title='bbox 176 3905 317 3960; x_wconf 88' lang='lat' dir='ltr'>Theocrit.</span> <span class='ocrx_word' id='word_1_283' title='bbox 336 3905 383 3972; x_wconf 84' lang='lat' dir='ltr'>XI,</span> <span class='ocrx_word' id='word_1_284' title='bbox 407 3907 428 3958; x_wconf 94' lang='lat' dir='ltr'>l.</span> <span class='ocrx_word' id='word_1_285' title='bbox 448 3903 590 3957; x_wconf 89' lang='lat' dir='ltr'>Plutarch.</span> <span class='ocrx_word' id='word_1_286' title='bbox 610 3902 702 3972; x_wconf 87' lang='lat' dir='ltr'>Symp.</span> <span class='ocrx_word' id='word_1_287' title='bbox 723 3903 833 3970; x_wconf 79' lang='lat' dir='ltr'>Quaest.</span> <span class='ocrx_word' id='word_1_288' title='bbox 853 3904 874 3971; x_wconf 85' lang='grc' dir='ltr'>Ι,</span> <span class='ocrx_word' id='word_1_289' title='bbox 895 3907 910 3957; x_wconf 85' lang='lat'>5</span> <span class='ocrx_word' id='word_1_290' title='bbox 928 3904 981 3974; x_wconf 83' lang='lat' dir='ltr'>lrg.</span> <span class='ocrx_word' id='word_1_291' title='bbox 1000 3906 1016 3956; x_wconf 88' lang='grc'><strong>7</strong></span> <span class='ocrx_word' id='word_1_292' title='bbox 1034 3903 1066 3956; x_wconf 94' lang='grc' dir='ltr'>Β.</span> <span class='ocrx_word' id='word_1_293' title='bbox 1083 3903 1216 3970; x_wconf 77' lang='lat' dir='ltr'>Quotiens</span> <span class='ocrx_word' id='word_1_294' title='bbox 1236 3903 1327 3971; x_wconf 87' lang='lat' dir='ltr'>dithy-</span> 
     </span>
     <span class='ocr_line' id='line_1_35' title="bbox 176 3991 1328 4062; baseline 0 -16"><span class='ocrx_word' id='word_1_295' title='bbox 176 3994 297 4048; x_wconf 89' lang='lat' dir='ltr'>rambici</span> <span class='ocrx_word' id='word_1_296' title='bbox 314 3997 414 4062; x_wconf 88' lang='lat' dir='ltr'>poetae</span> <span class='ocrx_word' id='word_1_297' title='bbox 430 3992 629 4046; x_wconf 83' lang='lat' dir='ltr'>Alexandrinis</span> <span class='ocrx_word' id='word_1_298' title='bbox 649 3991 738 4046; x_wconf 84' lang='lat' dir='ltr'>facem</span> <span class='ocrx_word' id='word_1_299' title='bbox 757 3992 954 4060; x_wconf 87' lang='lat' dir='ltr'>praetulerint,</span> <span class='ocrx_word' id='word_1_300' title='bbox 972 3992 1060 4045; x_wconf 88' lang='lat' dir='ltr'>miror</span> <span class='ocrx_word' id='word_1_301' title='bbox 1079 3992 1218 4045; x_wconf 87' lang='lat' dir='ltr'>neminem</span> <span class='ocrx_word' id='word_1_302' title='bbox 1237 3992 1328 4046; x_wconf 87' lang='lat' dir='ltr'>adhuc</span> 
     </span>
     <span class='ocr_line' id='line_1_36' title="bbox 177 4079 1327 4136; baseline -0.002 0"><span class='ocrx_word' id='word_1_303' title='bbox 177 4082 370 4136; x_wconf 87' lang='lat' dir='ltr'>demonstrare</span> <span class='ocrx_word' id='word_1_304' title='bbox 382 4079 520 4135; x_wconf 90' lang='lat' dir='ltr'>&#39;conatum</span> <span class='ocrx_word' id='word_1_305' title='bbox 540 4098 605 4134; x_wconf 88' lang='lat' dir='ltr'>esse.</span> <span class='ocrx_word' id='word_1_306' title='bbox 625 4108 659 4119; x_wconf 92' lang='lat'>-</span> <span class='ocrx_word' id='word_1_307' title='bbox 680 4080 809 4133; x_wconf 82' lang='lat' dir='ltr'>Ceterum</span> <span class='ocrx_word' id='word_1_308' title='bbox 828 4081 937 4134; x_wconf 89' lang='lat' dir='ltr'>Musam</span> <span class='ocrx_word' id='word_1_309' title='bbox 957 4085 1005 4132; x_wconf 88' lang='lat' dir='ltr'>aut</span> <span class='ocrx_word' id='word_1_310' title='bbox 1024 4080 1232 4134; x_wconf 84' lang='lat' dir='ltr'>incantamenta</span> <span class='ocrx_word' id='word_1_311' title='bbox 1253 4098 1327 4134; x_wconf 84' lang='lat' dir='ltr'>ama·</span> 
     </span>
     <span class='ocr_line' id='line_1_37' title="bbox 177 4161 1329 4237; baseline -0.002 -13"><span class='ocrx_word' id='word_1_312' title='bbox 177 4171 283 4224; x_wconf 88' lang='lat' dir='ltr'>torium</span> <span class='ocrx_word' id='word_1_313' title='bbox 300 4168 426 4224; x_wconf 84' lang='lat' dir='ltr'>furorem</span> <span class='ocrx_word' id='word_1_314' title='bbox 442 4170 540 4224; x_wconf 83' lang='lat' dir='ltr'>sedare</span> <span class='ocrx_word' id='word_1_315' title='bbox 568 4161 653 4237; x_wconf 86' lang='lat' dir='ltr'>negat</span> <span class='ocrx_word' id='word_1_316' title='bbox 669 4169 754 4222; x_wconf 84' lang='lat' dir='ltr'>etiam</span> <span class='ocrx_word' id='word_1_317' title='bbox 776 4167 943 4222; x_wconf 85' lang='lat' dir='ltr'>Plutarchus</span> <span class='ocrx_word' id='word_1_318' title='bbox 963 4168 1099 4237; x_wconf 82' lang='lat' dir='ltr'>(Amator.</span> <span class='ocrx_word' id='word_1_319' title='bbox 1126 4170 1176 4236; x_wconf 85' lang='lat'>16).</span> <span class='ocrx_word' id='word_1_320' title='bbox 1215 4168 1329 4222; x_wconf 71' lang='lat' dir='ltr'>Seneca</span> 
     </span>
     <span class='ocr_line' id='line_1_38' title="bbox 178 4255 1327 4328; baseline 0 -18"><span class='ocrx_word' id='word_1_321' title='bbox 178 4259 218 4312; x_wconf 87' lang='lat' dir='ltr'>ita</span> <span class='ocrx_word' id='word_1_322' title='bbox 237 4259 331 4328; x_wconf 87' lang='lat' dir='ltr'>potius</span> <span class='ocrx_word' id='word_1_323' title='bbox 355 4257 409 4328; x_wconf 90' lang='lat' dir='ltr'>(ep.</span> <span class='ocrx_word' id='word_1_324' title='bbox 429 4259 472 4328; x_wconf 87' lang='lat'>9):</span> <span class='ocrx_word' id='word_1_325' title='bbox 505 4255 571 4328; x_wconf 86' lang='lat' dir='ltr'>‘ego</span> <span class='ocrx_word' id='word_1_326' title='bbox 590 4257 645 4310; x_wconf 88' lang='lat' dir='ltr'>tibi</span> <span class='ocrx_word' id='word_1_327' title='bbox 664 4257 827 4310; x_wconf 89' lang='lat' dir='ltr'>monstrabo</span> <span class='ocrx_word' id='word_1_328' title='bbox 847 4258 1015 4310; x_wconf 87' lang='lat' dir='ltr'>amatorium</span> <span class='ocrx_word' id='word_1_329' title='bbox 1038 4257 1097 4310; x_wconf 90' lang='lat' dir='ltr'>sine</span> <span class='ocrx_word' id='word_1_330' title='bbox 1115 4257 1327 4325; x_wconf 86' lang='lat' dir='ltr'>medicamento,</span> 
     </span>
    </p>
   </div>
   <div class='ocr_carea' id='block_1_7' title="bbox 179 4341 1327 4504">
    <p class='ocr_par' dir='ltr' id='par_1_10' title="bbox 179 4341 1327 4504">
     <span class='ocr_line' id='line_1_39' title="bbox 179 4341 1175 4414; baseline 0 -16"><span class='ocrx_word' id='word_1_331' title='bbox 179 4345 238 4399; x_wconf 87' lang='lat' dir='ltr'>sine</span> <span class='ocrx_word' id='word_1_332' title='bbox 256 4346 352 4414; x_wconf 88' lang='lat' dir='ltr'>herba,</span> <span class='ocrx_word' id='word_1_333' title='bbox 372 4347 431 4400; x_wconf 88' lang='lat' dir='ltr'>sine</span> <span class='ocrx_word' id='word_1_334' title='bbox 449 4346 534 4401; x_wconf 87' lang='lat' dir='ltr'>ullius</span> <span class='ocrx_word' id='word_1_335' title='bbox 553 4345 693 4400; x_wconf 85' lang='lat' dir='ltr'>veneficae</span> <span class='ocrx_word' id='word_1_336' title='bbox 712 4346 849 4400; x_wconf 89' lang='lat' dir='ltr'>carmine:</span> <span class='ocrx_word' id='word_1_337' title='bbox 869 4346 892 4399; x_wconf 91' lang='lat' dir='ltr'>si</span> <span class='ocrx_word' id='word_1_338' title='bbox 911 4346 953 4400; x_wconf 89' lang='lat' dir='ltr'>vis</span> <span class='ocrx_word' id='word_1_339' title='bbox 974 4346 1073 4413; x_wconf 86' lang='lat' dir='ltr'>amari,</span> <span class='ocrx_word' id='word_1_340' title='bbox 1092 4341 1175 4399; x_wconf 86' lang='lat' dir='ltr'>ama&#39;.</span> 
     </span>
     <span class='ocr_line' id='line_1_40' title="bbox 280 4433 1327 4504; baseline -0.002 -16"><span class='ocrx_word' id='word_1_341' title='bbox 280 4434 290 4466; x_wconf 78' lang='lat'><strong><em>⁵</em></strong></span> <span class='ocrx_word' id='word_1_342' title='bbox 310 4433 351 4488; x_wconf 82' lang='lat' dir='ltr'>cf.</span> <span class='ocrx_word' id='word_1_343' title='bbox 372 4433 512 4488; x_wconf 89' lang='lat' dir='ltr'>Theocrit.</span> <span class='ocrx_word' id='word_1_344' title='bbox 533 4434 570 4487; x_wconf 94' lang='lat' dir='ltr'>ld.</span> <span class='ocrx_word' id='word_1_345' title='bbox 590 4434 626 4501; x_wconf 88' lang='lat'>11,</span> <span class='ocrx_word' id='word_1_346' title='bbox 645 4437 686 4487; x_wconf 90' lang='lat'>91.</span> <span class='ocrx_word' id='word_1_347' title='bbox 706 4433 810 4489; x_wconf 89' lang='lat' dir='ltr'>Tibull.</span> <span class='ocrx_word' id='word_1_348' title='bbox 830 4435 852 4502; x_wconf 91' lang='lat' dir='ltr'>I,</span> <span class='ocrx_word' id='word_1_349' title='bbox 873 4437 896 4488; x_wconf 85' lang='lat'>2.</span> <span class='ocrx_word' id='word_1_350' title='bbox 916 4436 950 4488; x_wconf 76' lang='lat'>59</span> <span class='ocrx_word' id='word_1_351' title='bbox 963 4451 1003 4502; x_wconf 83' lang='lat' dir='ltr'>sq.</span> <span class='ocrx_word' id='word_1_352' title='bbox 1023 4433 1104 4504; x_wconf 81' lang='lat' dir='ltr'>Verg.</span> <span class='ocrx_word' id='word_1_353' title='bbox 1118 4435 1188 4487; x_wconf 87' lang='lat' dir='ltr'>Aen.</span> <span class='ocrx_word' id='word_1_354' title='bbox 1203 4433 1252 4500; x_wconf 87' lang='lat' dir='ltr'>IV,</span> <span class='ocrx_word' id='word_1_355' title='bbox 1266 4435 1327 4486; x_wconf 81' lang='grc'><strong>187.</strong></span> 
     </span>
    </p>
   </div>
   <div class='ocr_carea' id='block_1_8' title="bbox 1113 4525 1130 4576">
    <p class='ocr_par' dir='ltr' id='par_1_11' title="bbox 1113 4525 1130 4576">
     <span class='ocr_line' id='line_1_41' title="bbox 1113 4525 1130 4576; baseline 0 0"><span class='ocrx_word' id='word_1_356' title='bbox 1113 4525 1130 4576; x_wconf 78' lang='lat'><strong>2</strong></span> 
     </span>
    </p>
   </div>
   <div class='ocr_carea' id='block_1_9' title="bbox 0 0 1583 5076">
    <p class='ocr_par' dir='ltr' id='par_1_12' title="bbox 0 0 1583 5076">
     <span class='ocr_line' id='line_1_42' title="bbox 0 0 1583 5076; baseline 0 0"><span class='ocrx_word' id='word_1_357' title='bbox 0 0 1583 5076; x_wconf 95' lang='lat' dir='ltr'> </span> 
     </span>
    </p>
   </div>
  </div>
 </body>
</html>
