3142 5074
690 415 741 471 lac

240 585 342 655 llnisis
373 588 477 653 autem
505 586 594 652 nobis
620 588 652 652 in
679 587 763 654 hunc
794 587 941 652 verticem
973 585 1004 653 et
1032 581 1291 670 circumspectan-

140 689 225 754 tibus
247 688 444 755 admirabilis
466 687 564 753 uideri
587 687 677 753 debet
711 688 767 768 uis,
797 706 890 772 quam
915 687 1006 752 unius
1028 687 1088 752 uiri
1110 687 1292 769 praepotens

140 790 301 873 ingenium
323 790 356 854 in
380 790 499 854 animos
512 789 665 872 babuerit,
687 791 719 855 et
733 789 904 856 auctoritas
923 789 988 853 eius
1003 788 1118 871 raptim
1134 808 1170 854 ac
1185 790 1292 854 tamen

142 892 360 956 convenienter
384 891 424 956 ab
446 891 516 956 aliis
541 892 574 955 in
601 891 679 956 alios
708 891 836 974 tradita,
870 891 966 956 donec
998 909 1170 974 congruens
1202 890 1292 956 stilus

143 991 297 1058 evaderet.
334 1029 368 1038 -
402 992 507 1075 Atque
535 992 611 1056 haec
640 993 688 1056 est
708 991 802 1057 solita
824 992 972 1074 antiquae
993 991 1071 1056 artis
1093 991 1293 1074 propagatim

143 1093 289 1176 quocirca
314 1091 338 1156 ii
359 1111 378 1156 a
401 1091 533 1157 veritate
559 1092 652 1174 louge
679 1092 804 1171 absunt,
842 1091 954 1174 quiin
982 1091 1047 1155 stili
1078 1109 1227 1156 consensu
1253 1091 1293 1156 ad

142 1194 289 1258 naturam
311 1193 434 1258 vitaeve
455 1192 709 1258 consuetudinem
731 1210 849 1274 semper
871 1191 1043 1266 recurrant,
1067 1210 1103 1256 ex
1122 1209 1184 1272 qua
1207 1191 1291 1255 simi-

142 1293 243 1359 litudo
276 1293 463 1376 profluxerit.
519 1293 625 1357 Unum
661 1292 810 1358 excelsum
849 1292 1097 1375 praecellensque
1132 1293 1303 1376 ingenium·

144 1392 489 1476 vestigia-temporibus
516 1393 580 1458 suis
608 1393 655 1458 ita
681 1392 843 1475 imprimit,
880 1394 917 1458 ut
945 1393 1039 1458 etiam
1060 1394 1094 1458 in
1115 1395 1292 1478 sequentem

145 1495 280 1560 aetatem
304 1495 425 1560 durent.
462 1494 538 1560 Eius
560 1495 664 1562 autem
687 1494 901 1582 intellegentes
923 1495 1057 1560 artifices
1079 1496 1194 1560 sectam
1215 1514 1295 1559 sem·

144 1616 197 1678 per·
219 1596 394 1679 sequentur,
416 1597 469 1678 qui
489 1595 624 1660 artificia
645 1595 734 1678 quasi
755 1595 1018 1660 subauscultando
1042 1597 1082 1661 ab
1096 1596 1164 1681 ipsa
1179 1598 1294 1662 natura

144 1698 297 1780 accepisse
310 1697 500 1777 videbituu¹3
523 1715 586 1781 qua
610 1697 730 1762 ratione
752 1697 845 1762 stilus
865 1697 996 1762 naturae
1017 1698 1201 1762 conveniens
1223 1717 1295 1763 nas-

145 1800 236 1864 citur.
279 1799 453 1864 Fortunata
475 1817 511 1864 ea
532 1799 683 1880 tempora,
716 1798 828 1880 quibus
859 1798 994 1863 artifices
1023 1798 1158 1864 alienam
1185 1799 1295 1864 aueto-

145 1901 272 1966 ritatem
304 1899 443 1965 venerati
475 1917 537 1964 non
566 1899 756 1982 dubitarent,
792 1899 873 1982 quod
904 1899 1034 1982 quisque
1068 1901 1221 1982 optimum
1249 1901 1295 1966 fe·

146 2003 246 2080 uisset,
279 2019 370 2066 suum
400 2000 510 2068 facere.
563 2001 632 2066 Hoc
665 2001 746 2066 certe
768 2002 893 2067 nostrae
914 2001 1027 2067 aetatis
1050 2019 1111 2066 uon
1134 2002 1194 2078 est;
1227 2002 1296 2066 erat

146 2101 344 2169 Graecorum.
388 2134 392 2142 =

146 2307 222 2360 celat
233 2305 279 2373 (cf.
298 2324 324 2360 v.
337 2307 371 2360 63
385 2307 444 2376 sq),
462 2306 601 2361 nutricem
613 2305 742 2361 Phaedra
759 2305 805 2375 (cf.
822 2325 850 2361 v.
868 2305 920 2360 271
941 2323 981 2375 sq.
1000 2307 1051 2360 301
1064 2307 1125 2378 sq).
1146 2307 1197 2361 Ille
1210 2307 1296 2362 etiam

147 2413 241 2450 eoram
259 2395 368 2450 medico
388 2395 518 2448 simulare
537 2395 631 2466 pergit
648 2395 694 2464 (of.
714 2413 741 2449 v.
764 2396 815 2448 123
833 2394 899 2464 sq.);
931 2412 986 2465 quo
1005 2395 1065 2450 loco
1093 2395 1295 2465 (alacres)

147 2483 288 2538 Lucienus
301 2483 429 2538 imitatur
439 2471 605 2552 Euripidem
616 2483 653 2550 (v.
667 2484 729 2536 345.
742 2485 815 2551 347).
841 2483 969 2552 Denique
981 2483 1012 2537 in
1024 2483 1173 2554 hypothesi
1185 2483 1296 2554 Ocypus

147 2572 252 2627 dieitur
279 2566 370 2625 κάλλει
397 2575 444 2624 καὶ
472 2567 589 2642 δυνάμει
608 2571 762 2642 deceptorum
794 2576 824 2627 ut
844 2571 1030 2642 Hippolytum
1054 2573 1153 2644 genuit
1170 2575 1296 2628 Amazon

147 2655 237 2713 κάλλει
256 2663 347 2713 τεκαὶ
366 2654 532 2733 σωφροσύνῃ
552 2660 722 2732 διαφέροντα
741 2661 822 2731 (Arg.
840 2660 909 2715 Eur.
928 2659 1012 2731 Hip).

251 2749 260 2780 ¹
279 2746 410 2802 Schiller:
970 2743 971 2746 ’

249 2823 335 2889 Gutes
354 2853 403 2889 aus
422 2835 532 2904 Gutem,
552 2834 600 2888 das
618 2835 694 2889 kann
711 2835 854 2904 jedweder
873 2835 1058 2908 Verst'dndige
1077 2836 1186 2906 bilden3

299 2924 367 2978 aber
382 2924 432 2978 der
450 2923 553 2979 Genius
572 2923 633 2978 ruft
652 2923 738 2978 Gutes
757 2942 806 2979 aus
826 2925 1001 2980 Schlechtem
1019 2927 1130 2980 hervor.

248 3015 294 3067 An
314 3012 488 3068 Gebildetem
506 3031 560 3067 nur
580 3012 670 3067 darfst
688 3013 736 3082 du,
754 3013 938 3084 Nachahmer‚
956 3015 1021 3069 dich
1040 3015 1128 3084 iibcn3

298 3101 384 3156 selbot
403 3102 562 3158 Gabildetes
580 3103 617 3157 ist
636 3101 709 3157 Stoff
725 3121 780 3157 nur
797 3103 860 3158 dem
878 3103 1029 3159 bildenden
1049 3104 1134 3160 Geist.

457 4514 552 4556 Bonnas
566 4515 629 4564 typis
643 4515 720 4557 Oaroll
733 4515 819 4567 Georgi
832 4517 920 4567 typogr.
934 4517 998 4559 acad.
