3154 5076
793 493 795 496 Ι
813 427 829 479 6

243 597 310 682 lyto
331 598 461 664 eximiae
483 597 609 663 virtutis
631 597 800 681 imaginem
822 598 861 662 ab
883 597 1013 680 antiqua
1028 595 1136 663 fabula
1152 595 1394 678 praeformatam

243 699 487 782 adumbraverit,
520 699 625 762 tamen
649 699 841 775 ornamenta,
876 717 955 781 quae
975 698 1070 763 libero
1090 697 1269 779 interponit,
1304 697 1395 778 plane

244 801 284 867 ad
299 801 414 866 sacculi
437 819 560 864 sensum
583 800 733 881 apparata
759 801 841 864 sunt.
886 799 970 863 Nam
991 799 1024 863 in
1047 817 1092 881 ao,
1115 798 1169 881 qui
1185 817 1238 863 esu
1253 798 1394 863 carnium

242 902 398 967 abstineat
424 902 454 964 et
481 901 631 965 librorum
659 891 786 964 ‘fumis'
813 899 948 977 incubet,
986 899 1110 982 qualem
1132 899 1267 964 Theseus
1293 898 1393 963 filium

244 1003 392 1069 describit
415 1003 459 1081 (v.
481 1003 543 1066 952
565 1004 634 1084 sq),
662 1001 825 1066 Welclrer¹
854 1000 971 1065 dudum
1006 1019 1112 1066 varum
1142 999 1395 1082 Orpheotelesten

245 1104 403 1187 cognovit,
436 1122 497 1168 non
524 1104 639 1169 iudicio
666 1123 739 1169 usus
765 1123 821 1168 suo
850 1103 902 1168 sed
924 1105 1033 1186 poetae
1055 1105 1151 1185 ipsius
1174 1103 1394 1169 auctoritatem

245 1204 289 1288 (v.
305 1205 380 1287 953)
404 1206 543 1284 secutus3
568 1205 621 1288 qui
645 1205 803 1271 etiamad
825 1205 973 1288 mysteria
989 1204 1172 1270 celebranda
1188 1204 1394 1288 Hippolytum

245 1307 384 1372 Athenas
407 1306 579 1388 proiectum
606 1325 670 1371 esse
695 1305 789 1388 fingit
814 1304 946 1388 (1.25).
990 1307 1095 1388 Atque
1123 1307 1252 1372 eandam
1278 1307 1394 1372 sectam

245 1425 317 1489 prae
339 1426 371 1471 se
393 1405 471 1471 ferre
493 1405 625 1485 videtur,
649 1423 720 1471 curn
742 1406 950 1472 acerbissimis
972 1424 1010 1472 ac
1032 1425 1128 1488 paene
1143 1407 1283 1472 ridiculis
1298 1407 1395 1473 male-

243 1508 336 1573 dictis
352 1507 541 1590 Hippolytus
556 1507 659 1572 toturn
682 1507 867 1573 feminarum
889 1526 987 1590 genus
1009 1507 1080 1592 figit
1090 1509 1134 1590 (v.
1147 1510 1209 1574 616
1221 1509 1310 1591 sq.)⁹.
1343 1509 1395 1574 An

244 1613 336 1694 putas
363 1612 496 1693 poetam,
535 1627 714 1691 quanquam
743 1609 925 1676 mulieribus
961 1627 1022 1673 non
1059 1608 1194 1688 favebat,
1228 1610 1310 1674 inter
1339 1610 1395 1676 has

204 1758 207 1764 ,
244 1712 398 1777 mordacis
420 1709 534 1776 calami
555 1709 694 1775 fictiones
716 1729 778 1774 nou
804 1710 917 1789 risisse,
951 1728 1022 1775 curn
1053 1710 1118 1776 aius
1146 1730 1222 1776 sana
1250 1730 1337 1776 mens
1360 1730 1395 1776 er

244 1813 315 1878 aliis
337 1811 429 1877 dictis
451 1811 528 1876 satis
550 1811 655 1895 aperte
675 1810 833 1894 perluceat
841 1815 862 1876 ³.
897 1811 1008 1877 Nescio
1031 1813 1146 1890 autem,
1166 1831 1205 1877 an
1220 1811 1274 1877 illo
1288 1812 1395 1877 eodem

245 1913 374 1979 consilio
396 1913 519 1977 heroem
542 1931 632 1977 suum
661 1912 866 1977 intoleranter
891 1932 924 1977 se
949 1913 1121 1978 iactantem
1148 1913 1180 1978 et
1205 1913 1394 1996 gloriantem

244 2014 464 2095 introduxerit,
498 2014 650 2079 neminem
678 2013 763 2079 intra
792 2013 913 2096 patriae
943 2013 1019 2079 fines
1049 2017 1181 2097 exstare,
1217 2014 1272 2096 qui
1303 2014 1394 2079 tanta

245 2117 362 2181 virtute
384 2115 542 2199 praeditus
566 2115 609 2180 sit
631 2117 750 2198 quanta
771 2113 837 2196 ipse
859 2115 902 2195 (v.
925 2116 987 2180 993
1009 2135 1054 2200 sq.
1079 2116 1191 2198 1100);
1214 2134 1308 2199 quam
1330 2115 1394 2179 iac-

245 2216 394 2281 tationem
427 2235 522 2300 paene
548 2216 781 2281 circulatoriam
810 2215 945 2282 Theseus
977 2218 1070 2282 antea
1103 2216 1140 2282 de
1168 2216 1302 2298 Orphica
1336 2215 1394 2280 lilii

244 2317 331 2382 uictu
362 2316 513 2382 disserens
546 2317 650 2400 aperte
682 2316 886 2382 denotaverat
915 2336 945 2382 1.
967 2318 1046 2382 952:
1078 2307 1139 2404 ἤδη
1165 2316 1221 2383 νῦν
1247 2305 1339 2398 αὔχει
1363 2316 1394 2381 11

245 2436 274 2483 v.
296 2417 372 2482 950:

435 2509 494 2581 οὐκ
514 2509 554 2580 ih
575 2516 740 2603 πιθοίμην
762 2524 850 2584 τοῖσι
873 2523 946 2598 σοῖς
966 2514 1111 2604 κόμποις
1133 2517 1206 2604 a‘yo'.

344 2619 449 2702 Atque
471 2637 487 2683 e
506 2638 539 2684 re
560 2621 607 2684 est
634 2620 785 2686 hocloco
811 2640 916 2688 uersus
943 2622 1243 2688 conclamatissimas
1269 2622 1394 2687 multis-

245 2741 304 2805 que
319 2721 456 2804 agitatos
472 2721 688 2786 controversiis
711 2723 750 2786 73
772 2741 829 2805 sq,
851 2741 927 2805 quos
943 2722 1134 2806 Hippolytus
1154 2723 1339 2806 pronuntiat
1361 2723 1394 2787 in

245 2821 365 2888 Dianae
391 2821 498 2887 statua
528 2821 729 2906 redimlonda,
762 2823 946 2888 examinare.
991 2821 1079 2888 Certe
1107 2825 1215 2906 agitur
1240 2823 1278 2889 de
1304 2825 1394 2905 prato

245 2923 375 3001 Dianas,
410 2922 586 3003 pastoribus
608 2942 669 2988 non
689 2923 827 3004 calendo,
859 2923 913 2988 sed
940 2924 1022 3007 quod
1045 2925 1234 3009 Hippolytus
1256 2924 1394 2990 affirmat

245 3044 274 3090 1.
297 3025 337 3088 79
359 3043 415 3107 sq.,
449 3023 487 3089 iis
509 3025 634 3089 tantum
655 3024 778 3089 licitum
800 3024 973 3090 essedonas
996 3025 1165 3108 decerpere,
1200 3025 1311 3109 quibus
1337 3044 1394 3090 na·

244 3127 316 3191 tura
338 3125 439 3190 uirtus
460 3125 491 3190 et
514 3124 721 3207 temperantia
743 3125 838 3191 insita
862 3126 914 3209 sit,
938 3125 964 3189 si
987 3126 1026 3191 ad
1048 3127 1213 3192 veritatem
1236 3126 1266 3192 et
1288 3144 1395 3191 recon-

347 3379 729 3450 1Κ1.811]1111.Πρ.474.
764 3379 902 3452 Tragoed.
930 3399 957 3452 p.
978 3381 1038 3435 749.
1067 3381 1102 3437 11.
1126 3381 1237 3438 Lobeclr
1254 3381 1393 3454 Aglaoph.

245 3488 272 3541 p.
285 3471 346 3524 ale.
369 3470 434 3525 Noli
447 3474 541 3524 tamen
554 3471 703 3540 neglegere
716 3470 784 3524 haec
796 3469 896 3526 Thesei
914 3470 1003 3525 filiurn
1023 3471 1198 3542 obiurgantis
1217 3476 1246 3526 et
1264 3471 1394 3542 obiurgia

245 3561 443 3630 exaggerantis
462 3576 528 3614 esse.
565 3559 662 3628 Neque
681 3559 728 3613 ille
747 3559 777 3612 in
797 3559 931 3628 mysteria
949 3559 1102 3626 invehitur,
1133 3561 1182 3615 sed
1203 3561 1325 3614 tumidos
1345 3559 1393 3614 Or·

244 3649 311 3719 phei
330 3653 481 3702 sectatores
501 3647 605 3716 carpit;
638 3648 712 3717 quod
731 3665 829 3703 moneo
850 3653 948 3703 contra
967 3648 1148 3703 Wheelerum
1166 3649 1245 3703 nullo
1264 3649 1325 3703 iure
1343 3649 1393 3703 hos

244 3755 340 3792 versus
359 3738 389 3791 in
407 3737 593 3806 suspicionem
611 3741 758 3791 vocantem
777 3737 821 3806 (de
839 3739 941 3792 Alcest.
962 3740 990 3792 et
1011 3737 1124 3807 Hippol.
1143 3737 1242 3807 Eurip.
1262 3737 1392 3807 interpol.

244 3844 271 3897 p.
286 3827 320 3880 59
332 3825 393 3896 sq).
430 3826 616 3896 Hippolytum
629 3830 721 3880 autem
740 3832 852 3896 praeter
870 3825 1005 3881 ‘Dianam
1016 3823 1156 3898 reginam'
1174 3825 1287 3896 Orphea
1300 3844 1392 3898 regem

244 3915 356 3984 hebere,
375 3933 431 3969 non
449 3915 540 3983 video,
558 3932 608 3970 our
626 3932 767 3986 negemus.

347 4006 359 4040 ²
378 4003 520 4074 Orpheum
539 4004 670 4060 cecinisse
689 4005 806 4060 traduat
825 4004 871 4075 (cf.
892 4005 976 4062 Clem.
994 4006 1074 4060 Alex.
1094 4004 1196 4060 Strom.
1218 4005 1265 4072 VI,
1285 4003 1349 4074 739)

466 4091 509 4153 Ὡς
526 4089 557 4146 οὐ
576 4089 704 4163 κύντερον
722 4085 756 4162 ἦν
771 4099 817 4148 καὶ
837 4097 927 4166 ῥίγιον
945 4087 1010 4148 ἄλλο
1028 4088 1166 4165 γυναικός.

345 4182 356 4215 ⁸
376 4181 507 4237 (lanieras
527 4199 569 4237 ex.
588 4202 630 4254 gr.
651 4183 790 4255 frgdbd:

444 4267 519 4332 ὅστις
537 4273 569 4326 δὲ
588 4268 680 4332 πάσας
699 4278 835 4334 συντιθεὶς
853 4278 935 4344 ψέγει
956 4270 1029 4344 λόγῳ

443 4367 573 4430 γυναῖκας
592 4361 657 4427 ἑξῆς,
679 4357 849 4422 excoriatum
868 4359 917 4416 κού
936 4358 1026 4434 σοφός
1043 4364 1098 4416 κτλ.

244 4454 274 4506 et
286 4449 341 4523 frg.
357 4451 419 4502 164:
438 4443 551 4520 ἄριστον
567 4446 648 4520 ἀνδρὶ
666 4451 756 4518 κτῆμα
776 4449 927 4524 συμπαθὴς
945 4445 1021 4521 γυνή.
