3154 5076
754 439 770 491 7

185 606 287 671 ditum
320 607 424 672 cultus
457 608 610 690 quendam
645 628 735 674 usum
763 629 907 677 revocare
939 611 1104 690 studueris,
1136 613 1172 676 ut
1196 613 1338 678 Weloker

183 707 604 791 (Kl.Sonrift.11p.472)
638 711 813 794 elegantius
844 732 938 794 quarn
971 713 1086 778 rectius
1120 713 1197 778 mihi
1230 714 1337 780 fecisse

184 810 318 894 videtur,
350 811 641 893 interpretationem
665 815 774 880 multis
802 815 1042 881 difficultatibus
1069 815 1261 881 obstructam
1288 816 1338 880 in·

184 911 298 977 venies.
344 912 454 994 ltaque
479 913 602 978 malunt
628 915 724 999 vulgo
746 935 775 981 u.
798 917 920 982 79-81
948 936 1003 998 pro
1033 915 1208 982 subditioiis
1235 934 1337 981 remo·

184 1032 257 1077 rere
269 1016 287 1078 ¹.
331 1012 391 1078 Sed
418 1014 554 1096 optimus
583 1016 712 1098 quisquo
739 1019 829 1099 poeta
857 1018 938 1082 hanc
965 1018 1024 1082 sihi
1048 1016 1221 1083 vindicavit
1242 1016 1337 1081 liher-

183 1115 294 1189 tatem,
328 1115 364 1178 ut
391 1117 477 1181 extra
504 1116 646 1182 veritatis
673 1117 748 1182 fines
776 1117 1004 1200 quodammodo
1037 1137 1177 1202 egressus
1210 1117 1336 1183 aliunde

183 1216 438 1281 ornamentorum
459 1216 579 1282 lumina
609 1217 810 1299 depromeret,
847 1220 959 1302 quihus
988 1219 1100 1284 audaci
1130 1219 1336 1284 translatione

183 1317 264 1381 hanc
286 1316 385 1384 vitans
408 1318 578 1384 exornaret.
621 1319 734 1402 ltaque
747 1321 901 1385 contendo
916 1321 1058 1403 Euripidi
1075 1338 1199 1402 campos
1214 1319 1335 1402 Elysios

184 1418 364 1483 obuersatos
386 1436 460 1501 esee,
482 1419 515 1484 in
538 1419 652 1501 quibus
671 1438 743 1484 cum
765 1421 864 1486 beatis
878 1421 968 1486 floras
983 1421 1142 1504 decerpere
1157 1423 1188 1486 et
1203 1421 1335 1486 corollas

183 1520 305 1584 nectere
336 1518 451 1584 licebat
462 1522 483 1598 ²,
524 1520 592 1584 turn
623 1521 670 1598 iis,
707 1523 761 1604 qui
795 1523 949 1606 mysteriis
982 1522 1101 1587 initiati
1132 1521 1267 1597 essent³,
1300 1522 1336 1585 ut

182 1620 318 1685 testatur
341 1620 559 1702 Aristophanis
591 1622 759 1687 scholiasta
786 1622 826 1688 ad
853 1623 933 1688 Rau.
959 1643 989 1688 v.
1013 1625 1090 1688 344:
1126 1618 1247 1706 λειμών
1274 1617 1333 1706 γὰρ

184 1717 354 1786 ἀνάκειται
376 1719 430 1785 καὶ
451 1711 538 1806 ἄνθη
559 1721 711 1805 ἀνειμένα
732 1727 803 1800 τοῖς
824 1717 961 1806 μύσταις
983 1722 1017 1787 ἐν
1037 1722 1218 1809 sairrariis).
1240 1723 1336 1808 δηλοῖ

183 1822 220 1888 δὲ
235 1819 289 1886 καὶ
304 1822 477 1911 Σοφοκλῆς
499 1824 574 1907 (lrg.
590 1824 676 1905 805).
720 1824 864 1890 Fortasse
885 1826 917 1888 in
941 1825 1131 1907 Triptolemo
1149 1825 1224 1890 haec
1247 1825 1336 1901 dixit,

184 1925 234 1989 oui
246 1924 390 1991 Welclrer
407 1924 515 2008 (Trag.
527 1944 556 2009 p.
569 1926 644 2008 308)
660 1926 772 1992 tribuit
787 1926 883 1992 etiam
904 1927 1100 2009 praeclarum
1122 1926 1334 2011 fragmentum

183 2026 243 2094 ino.
267 2027 344 2092 753:

742 2125 786 2205 ὥς
806 2127 878 2209 τρὶς
900 2117 1008 2210 ὄλβιοι

352 2231 457 2293 κεῖνοι
478 2229 618 2313 βροτῶν,
641 2225 678 2294 οἳ
694 2231 800 2293 ταῦτα
821 2228 1015 2312 δερχθέντες
1035 2228 1111 2316 τέλη

354 2323 479 2412 μόλωσ’
503 2328 537 2407 ἐς
552 2324 687 2395 ‘'Atdov·
708 2330 821 2396 τοῖσδε
841 2325 900 2414 γὰρ
922 2326 1037 2414 μόνοις
1058 2330 1127 2397 ἐκεῖ

358 2431 413 2516 ζῆν
436 2427 516 2510 ἔστι,
539 2435 611 2508 τοῖς
632 2431 661 2496 δ’
683 2420 810 2497 ἶν’λλοισι
834 2426 929 2495 πάντ’
954 2431 1021 2497 ἐκεῖ
1042 2435 1135 2500 κακά.

184 2533 291 2599 Etiam
306 2533 391 2599 Ionis
404 2531 591 2616 Sophocleae
606 2534 706 2600 exstat
721 2533 931 2617 fragmentum
949 2535 1049 2618 (297):
1072 2532 1106 2599 ἐν
1121 2529 1200 2613 Διὸς
1215 2528 1335 2622 κήποις

286 2791 295 2822 ¹
315 2789 355 2844 ef.
375 2790 499 2846 Dindorf
517 2791 580 2846 adn.
595 2789 631 2844 ad
649 2790 716 2844 Eur.
735 2790 807 2860 Hp.
826 2790 886 2843 276.
924 2790 1062 2845 Barthold
1082 2789 1135 2846 Rh.
1152 2789 1223 2846 Mus.
1240 2793 1334 2848 XXXI

183 2896 210 2948 p.
222 2879 274 2932 313
295 2882 323 2931 et
342 2877 409 2932 edit.
422 2879 554 2933 Wheeler
572 2878 589 2932 l.
609 2879 627 2931 l.
645 2895 673 2947 p.
694 2881 737 2933 49.
761 2906 794 2917 -
820 2877 918 2932 Nauck
936 2879 1004 2932 Eur.
1028 2878 1107 2932 Stud.
1126 2879 1154 2932 Il
1173 2897 1200 2949 p.
1219 2880 1235 2934 6
1259 2880 1334 2935 delet

183 2985 270 3020 nuum
286 2983 398 3021 versum
416 2969 452 3021 80
470 2967 607 3021 medelam
620 2967 813 3036 praecedentis
825 2984 921 3021 versus
934 2968 964 3020 in
977 2967 1062 3020 dubio
1075 2969 1248 3038 relinquens;
1267 2987 1333 3024 uam

183 3057 304 3110 alteram
323 3072 419 3109 versus
445 3060 555 3126 partem
577 3055 774 3125 interpolatori
798 3055 895 3110 deberi
920 3055 1050 3124 opinatus
1069 3055 1099 3108 in
1118 3056 1207 3111 altera
1226 3074 1278 3126 pro
1296 3058 1335 3110 ιλι-

184 3139 287 3198 διιιιτόν
306 3145 391 3198 scribi
408 3145 471 3198 vult
489 3138 618 3212 ἄναγνον.
639 3174 671 3184 -
691 3143 761 3199 Nolo
780 3148 875 3198 autem
893 3147 980 3198 totam
996 3144 1187 3212 quaestionem
1203 3145 1257 3199 hoo
1274 3146 1334 3200 loco

182 3238 353 3300 retractare,
384 3250 447 3288 oum
475 3233 555 3288 Gloel
584 3233 630 3300 (de
657 3233 788 3302 interpol.
818 3233 962 3303 Hippolyt.
991 3233 1047 3288 fab.
1076 3233 1145 3287 Eur.
1172 3251 1201 3303 p.
1227 3235 1258 3287 15
1282 3233 1333 3303 sq.)

183 3323 315 3376 omnibns
335 3323 507 3393 argumentis
527 3323 675 3391 pensitatis
697 3323 759 3377 iure
778 3322 828 3376 hos
846 3340 942 3377 versus
960 3323 1049 3377 tuitus
1068 3323 1113 3378 sit.
1149 3323 1201 3378 Ille
1220 3324 1334 3393 quidem

184 3411 312 3466 Porsono
332 3409 409 3472 ὅσοις
426 3431 452 3467 v.
466 3414 500 3466 79
519 3413 549 3466 iu
567 3408 642 3471 ὅστις
661 3412 784 3466 mutanti
803 3412 990 3482 adstipulatus
1009 3430 1103 3467 omnes
1116 3412 1333 3468 offensiunculas

184 3501 263 3570 haud
289 3517 429 3569 quaquam
458 3501 585 3556 removit.
643 3500 781 3570 Equidem
807 3501 892 3555 aliam
920 3501 1050 3556 medendi
1078 3501 1154 3555 viam
1182 3501 1334 3572 ingredior.

182 3589 257 3644 Nam
276 3589 370 3643 versui
389 3589 422 3641 81
444 3589 602 3643 simillimus
621 3589 726 3660 legitur
740 3587 840 3644 Bacch.
860 3591 921 3651 316,
943 3590 992 3658 qui
1012 3607 1074 3645 cum
1094 3588 1269 3643 Kirohhoffio
1289 3589 1334 3644 de·

182 3678 283 3732 landus
303 3682 360 3746 est;
390 3678 506 3748 irrepsit
529 3695 563 3732 ex
581 3683 677 3733 nostro
699 3678 760 3733 loco
791 3677 839 3748 (cf.
859 3677 939 3734 (11οὸ1
958 3679 977 3732 l.
996 3678 1034 3746 1.).
1070 3677 1133 3732 Illic
1161 3683 1255 3732 autem
1281 3695 1334 3747 pro

183 3769 292 3837 εἴληχεν
306 3767 410 3837 legitur
422 3767 536 3832 ἔνεστιν,
555 3767 713 3835 quodcum
731 3767 794 3822 aliis
813 3767 965 3838 genuinum
984 3784 1043 3822 esse
1062 3783 1168 3821 censeo.
1204 3767 1334 3836 Amplius

182 3855 224 3910 nil
242 3857 418 3923 mutandum,
437 3856 485 3910 sed
503 3857 606 3912 rectius
624 3857 888 3928 interpungendum,
909 3874 971 3910 curn
986 3856 1139 3924 asyndeton
1156 3874 1183 3909 v.
1197 3857 1231 3910 79
1249 3853 1334 3909 offen·

184 3945 241 3999 dat.
280 3943 324 3998 lta
341 3944 431 4014 igitur
449 3944 524 4000 huno
542 3962 654 4000 versum
673 3963 736 4000 curn
760 3945 942 4000 antecedente
965 3946 1113 4015 coniungo‚
1134 3945 1212 4013 quasi
1232 3937 1336 4002 τούτοις

182 4033 374 4102 interciderit;
406 4050 461 4101 qua
488 4033 598 4088 ratione
625 4037 687 4088 tota
715 4035 866 4104 allegorica
893 4034 1041 4088 translatio
1069 4033 1194 4103 perlecta
1222 4032 1332 4086 demum
1410 4048 1414 4056 ·

183 4120 323 4176 redditur.
359 4121 468 4176 Deinde
486 4127 603 4192 perapte
621 4123 834 4194 interpungitur
851 4125 916 4192 post
934 4119 1011 4194 ὁμῶς
1028 4140 1055 4176 v.
1073 4123 1116 4175 80.

144 4231 146 4236 ¹
286 4209 359 4264 ²0f.
383 4209 463 4264 Pind.
487 4209 528 4264 Ol.
548 4211 584 4274 Π,
608 4212 644 4264 74
666 4211 749 4280 (135).
775 4211 830 4282 frg.
858 4212 918 4264 106.
945 4212 995 4263 107
1016 4209 1046 4264 Β.
1083 4207 1186 4264 Tibull.
1205 4209 1227 4270 1,
1247 4211 1271 4263 3.
1291 4209 1335 4261 66.

183 4318 211 4355 v.
224 4301 273 4354 61:
298 4296 369 4354 ‘lert
389 4300 492 4354 casiam
512 4318 568 4354 non
587 4301 664 4355 culta
676 4296 776 4371 seges’.
813 4299 893 4355 Plato
912 4299 1029 4353 Axiooh.
1049 4300 1138 4353 3710:
1158 4305 1283 4352 παντοῖοι
1302 4297 1334 4351 δὲ

182 4389 316 4464 λειμῶνες
333 4380 433 4442 ἄνθεσι
452 4391 585 4448 ποικίλοις
603 4383 781 4459 ἔαριζόμενοι.
819 4387 860 4443 Cf.
879 4387 1007 4456 Propert.
1026 4386 1059 4454 V,
1078 4389 1103 4440 7.
1124 4387 1158 4440 69
1171 4403 1211 4454 sq.

286 4479 297 4512 ³
317 4476 359 4532 Gi.
379 4477 458 4532 Pind.
479 4478 534 4551 frg.
556 4479 606 4533 114
625 4477 656 4534 Β.
679 4478 761 4533 Plato
779 4478 797 4533 l.
816 4478 833 4531 l.
855 4476 968 4534 Lobeck
986 4476 1005 4531 l.
1024 4476 1042 4530 l.
1061 4493 1088 4547 p.
1109 4475 1144 4531 69
1156 4492 1196 4546 sq.
