3142 5074
726 401 777 456 1oa

175 574 251 640 dum
272 573 373 640 sedati
395 574 594 654 renovantur,
614 573 689 640 dum
711 575 745 640 in
768 593 802 640 eo
826 575 882 653 est,
905 575 941 640 ut
961 575 1002 640 ad
1017 593 1135 641 venena
1149 574 1326 658 coniugiat;

174 674 241 739 sola
263 675 328 739 orci
350 675 497 741 terricula
520 674 762 759 formidinesque
785 677 816 741 et
840 675 919 741 lucis
941 676 1096 759 cupiditas
1118 676 1274 742 blanditer
1293 677 1326 740 in

174 775 339 840 iuvenilem
372 776 511 841 animum
545 775 676 842 influens
707 777 813 841 omnia
842 776 994 840 moriendi
1016 777 1146 842 consilia
1167 777 1327 860 propulsat

174 896 204 940 v.
227 877 289 941 802
308 895 355 960 sq.
372 911 408 922 -
426 875 532 942 Ovidii
554 876 689 959 Byblida
712 877 935 959 Myrrhamque
956 877 1061 942 tenere
1083 877 1230 958 videaris3
1252 897 1326 942 nam

174 976 207 1041 in
230 995 264 1042 eo
287 996 409 1060 quoque
429 976 502 1041 illae
524 976 663 1058 virgines
685 976 813 1043 eandem
841 977 995 1043 rationem
1021 979 1207 1062 sequuntur,
1243 978 1327 1061 quod

174 1078 208 1142 in
239 1077 377 1143 consiliis
411 1096 514 1142 secum
549 1077 757 1159 ponderandis
791 1078 891 1162 primo
925 1077 992 1143 loco
1019 1078 1094 1142 iusti
1123 1097 1160 1144 ao
1190 1079 1326 1162 legitimi

176 1178 311 1242 calculos
344 1177 530 1258 subducunt,
563 1177 675 1242 deinde
708 1178 748 1243 ad
781 1179 895 1244 illicita
930 1179 1070 1262 consilia,
1100 1199 1180 1261 quae
1201 1178 1329 1244 efferata

46 1346 55 1356 ,
175 1277 273 1344 libido
306 1297 426 1360 semper
454 1281 578 1361 praesto
608 1280 712 1361 babet,
743 1279 942 1346 descendunt.
986 1280 1124 1362 Uterque
1149 1281 1263 1359 autem,
1298 1281 1329 1345 et

175 1382 267 1461 poeta
291 1380 454 1466 Romanus
482 1379 567 1462 (Met.
590 1381 629 1456 X,
652 1381 713 1444 372
736 1378 796 1464 sq.)
821 1382 851 1446 et
875 1379 1011 1446 Graecus
1033 1381 1074 1460 (v.
1099 1382 1158 1446 755
1182 1379 1250 1464 sq),
1280 1382 1328 1464 ip·

176 1500 241 1546 sam
270 1480 409 1563 suspensi
437 1482 535 1545 animi
562 1480 798 1547 fluctuationem
828 1481 925 1546 simili
948 1481 1098 1560 illustrat,
1129 1483 1211 1564 quod
1245 1483 1328 1547 idem

176 1583 273 1648 animi
307 1581 476 1647 affectuum
512 1581 648 1646 dilucide
685 1581 950 1665 depingendorum
987 1583 1126 1648 studium
1162 1583 1328 1648 manifesto

176 1682 321 1749 ostendit.
365 1682 488 1748 Similia
519 1687 623 1748 autem
661 1681 818 1765 similique
853 1683 975 1748 ratione
1010 1683 1158 1749 exornata
1190 1682 1328 1766 exempla

175 1802 351 1849 sermonum
383 1783 586 1860 internorum,
620 1783 732 1865 quibus
759 1783 901 1848 amantes
929 1784 1080 1850 sollicitos
1102 1785 1222 1850 animos
1246 1785 1327 1849 rela-

175 1887 258 1964 xent,
280 1887 388 1967 poetae
403 1883 624 1966 Panopolitani
640 1884 830 1968 Dionysiaca
852 1884 1020 1950 excutienti
1041 1885 1101 1950 tibi
1122 1885 1205 1950 baud
1230 1903 1327 1967 pauca

176 1987 344 2052 offerentur
357 1989 376 2051 ¹.

275 2087 342 2152 Iam
374 2086 500 2169 longam
538 2105 574 2151 ao
605 2087 763 2169 spinosam
796 2088 830 2152 at
862 2087 947 2152 baud
978 2087 1207 2152 infructuosam
1232 2087 1326 2167 viam,

177 2208 239 2271 qua
259 2188 549 2270 refellebam-quae
571 2189 640 2269 quis
665 2188 772 2253 forsan
793 2186 1045 2253 contradicturus
1066 2189 1153 2267 osset,
1177 2190 1328 2270 permensi

177 2289 347 2372 paratiores
369 2289 484 2354 erimus
506 2287 545 2353 ad
567 2289 794 2354 aestimandam
815 2290 900 2354 recto
927 2289 1042 2354 iudicio
1071 2289 1209 2354 fabulam
1239 2307 1328 2354 ama-

177 2390 291 2456 toriam
325 2389 358 2454 in
389 2389 508 2454 decimo
542 2388 669 2471 Apuloii
704 2388 995 2472 Metamorphoseon
1028 2391 1108 2459 libro
1141 2391 1327 2470 exstantem,

177 2511 257 2573 quae
279 2491 319 2556 ad
343 2489 491 2556 Senecam
526 2489 652 2572 eiusque
687 2490 843 2573 exemplar
875 2509 930 2556 nos
963 2491 1089 2557 reducet
1116 2509 1153 2556 ac
1174 2490 1234 2556 toti
1255 2490 1328 2554 huic

179 2592 352 2674 quaestioni
375 2591 464 2674 quasi
486 2591 649 2673 fastigium
673 2590 858 2673 impositura
881 2594 937 2656 est.
970 2627 1011 2638 ·-
1038 2592 1156 2676 Agitur
1178 2591 1216 2657 de
1236 2590 1328 2657 fatali

179 2710 328 2757 novercae
360 2710 464 2758 amore
501 2692 533 2756 in
569 2691 759 2774 privignum,
792 2710 882 2774 quem
920 2693 955 2756 ut
987 2711 1093 2758 verum
1121 2691 1327 2775 Hippolytum

176 2786 293 2876 ‘probe
323 2792 499 2856 litteratum
533 2793 629 2875 atque
665 2793 703 2857 ob
734 2791 766 2856 id
794 2796 1018 2875 consequenter
1038 2793 1154 2876 pietate
1175 2791 1327 2858 modestia

177 2882 394 2976 praecipuum'
416 2893 548 2975 scriptor
572 2893 745 2958 introducit
777 2894 816 2974 (o.
838 2894 898 2970 ΙΙ);
929 2912 1060 2958 nouerca
1088 2891 1204 2958 ‘forma
1226 2892 1328 2975 magis

179 3013 272 3076 quam
304 2994 441 3060 moribus
473 2995 506 3058 in
540 2994 631 3059 domo
665 2994 773 3059 mariti
804 2984 1012 3077 praepollens‘
1043 2995 1098 3059 cst.
1147 2994 1197 3058 Ita
1229 2993 1328 3076 igitur

179 3095 329 3177 Apuleius
356 3095 476 3160 narrat:
507 3089 585 3161 ‘Sed
617 3095 729 3160 mulier
754 3094 810 3159 illa
838 3114 932 3177 quam
959 3093 1013 3158 diu
1034 3093 1142 3176 primis
1170 3093 1328 3159 alimentis

179 3195 300 3278 Cupido
320 3196 468 3277 parvulus
490 3195 696 3273 nutriebatur,
719 3195 871 3260 inbecillis
885 3195 986 3260 adbuc
1008 3195 1073 3260 eius
1094 3195 1213 3260 viribus
1236 3195 1328 3260 facile

178 3297 321 3362 ruborem
354 3297 478 3361 tenuem
510 3296 684 3379 deprimens
712 3296 835 3361 silentio
864 3297 1037 3362 resistebat.
1081 3297 1126 3361 nt
1158 3296 1211 3362 ubi
1243 3314 1328 3361 oom-

179 3397 271 3480 pletis
290 3397 364 3480 igne
385 3415 518 3462 vaesano
541 3397 618 3462 totis
640 3396 828 3478 praecordiis
850 3396 1015 3460 immodice
1038 3397 1209 3462 bacchatus
1233 3397 1329 3462 Amor

179 3498 388 3574 exaestuabat,
411 3497 563 3562 saevienti
584 3497 640 3562 deo
662 3498 724 3562 iam
749 3498 921 3571 srrccubuit
957 3498 987 3561 et
1009 3497 1159 3579 languore
1181 3497 1328 3562 simulato

179 3598 291 3664 vulnus
314 3597 409 3664 animi
432 3599 583 3663 mentitur
603 3599 636 3662 in
659 3599 793 3682 corporis
819 3599 1027 3664 valetudiue2.
1062 3599 1132 3664 Iam
1154 3600 1255 3663 cetera
1278 3616 1328 3662 sa-

179 3699 254 3764 lutis
285 3700 452 3782 vultusque
479 3699 666 3764 detrimenta
692 3700 723 3764 et
750 3700 852 3782 aegris
879 3699 910 3764 et
938 3698 1116 3764 amantibus
1143 3697 1327 3764 examussim

179 3800 341 3866 convenire
364 3819 452 3866 nemo
480 3802 534 3884 qui
554 3800 687 3866 nesciat:
721 3801 820 3882 pallor
849 3800 1004 3883 deformis,
1037 3801 1209 3864 marcentes
1237 3799 1328 3880 oculi,

179 3902 260 3966 lassa
282 3920 393 3984 genua,
416 3902 502 3983 quies
524 3901 652 3966 turbida
674 3901 704 3966 at
720 3901 885 3984 suspiritus
903 3901 1059 3965 cruciatus
1074 3900 1225 3966 tarditate
1240 3899 1327 3963 vehe-

180 3999 336 4068 mentior'.
358 4001 608 4086 Insequentibus
624 4003 729 4083 paullo
746 4003 869 4067 uberius
885 4001 1009 4084 exponit
1024 4000 1061 4066 de
1083 4001 1213 4083 propriis
1227 3999 1328 4064 morbi

179 4103 271 4182 uotis,
305 4123 396 4187 quem
417 4098 622 4168 ‘medicorum
645 4103 773 4185 ignarae
797 4092 931 4168 mentes’
953 4121 1014 4168 uon
1036 4100 1253 4185 perspexerint.
1288 4134 1325 4144 -—

284 4341 292 4373 ¹
311 4340 352 4396 Ol.
372 4359 414 4396 ex.
435 4358 478 4411 gr.
497 4340 624 4406 XXXIV,
643 4343 660 4396 8
676 4357 716 4410 sq.
737 4341 787 4394 103
805 4358 846 4410 sq.

285 4431 296 4462 ²
315 4426 533 4487 ‘Valetudinem'
554 4429 674 4485 coniecit
691 4429 864 4514 Bernhardy.
