3154 5076
744 364 781 417 89

190 531 280 614 Quod
302 533 342 599 ad
364 533 678 616 repraesentationem
700 533 825 611 attinet,
851 531 968 598 nemini
989 531 1119 598 dubium
1141 553 1206 600 esse
1227 535 1339 618 potest,

190 635 265 718 quin
287 635 446 700 teneamus
467 635 557 719 quasi
576 635 710 700 alterum
736 633 893 717 quoddam
918 631 1012 716 idque
1026 635 1242 718 neglegentius
1256 637 1340 702 soul-

190 738 277 818 ptum
300 737 499 819 apographon
522 735 657 802 eiusdem
679 734 848 817 archetypi,
873 753 891 799 a
914 753 974 816 quo
986 734 1146 802 Parisinus
1168 735 1222 802 ille
1244 738 1339 821 origi-

188 855 259 901 nem
281 834 379 901 duxit.
422 837 533 921 Itaque
561 837 710 918 quattuor
736 836 881 902 accurate
908 834 999 900 modo
1026 834 1199 918 descriptae
1222 837 1339 922 figuras

189 936 296 1002 eadem
330 937 407 1002 sarie
440 937 578 1012 exhibet;
613 937 770 1019 discrepat
804 936 930 1000 tanturn
964 935 996 1000 in
1029 935 1197 1003 levioribus
1231 938 1339 1004 rebusz

189 1055 279 1102 senex
314 1037 455 1103 dextram
490 1038 530 1103 ad
560 1039 700 1102 mentum
731 1037 890 1112 admovet,
925 1037 1072 1119 puerulus
1101 1036 1229 1103 sinistra
1260 1037 1339 1102 nihil

188 1137 283 1218 tenet,
316 1138 443 1204 nuntius
470 1137 520 1202 vir
542 1137 691 1203 barbatus
713 1138 769 1203 est.
806 1137 847 1182 ‘-
885 1137 1091 1220 Tragoediam
1117 1137 1216 1220 siguis
1237 1156 1339 1203 sarco·

188 1237 362 1322 phagorum
384 1233 558 1319 expressam
581 1255 645 1302 esse
671 1236 824 1302 luculenti
847 1236 879 1302 hi
900 1237 996 1301 testes
1018 1237 1102 1300 sunt.
1145 1237 1268 1302 Etenim
1292 1237 1340 1302 vi-

188 1358 260 1403 rum
281 1338 447 1404 barbatum
464 1337 555 1402 illum
578 1339 610 1402 in
633 1338 710 1404 solio
732 1337 888 1403 sedentem
909 1336 978 1420 quis
1001 1337 1057 1420 ost,
1079 1337 1154 1420 quin
1175 1336 1339 1422 intellegat

188 1439 342 1504 Theseum
364 1456 428 1504 esse
449 1439 595 1504 nuntium
628 1438 665 1503 de
696 1438 860 1522 Hippolyti
890 1438 1019 1503 interitu
1052 1438 1250 1504 audientem?
1292 1439 1339 1505 De

187 1540 310 1605 duabus
331 1539 459 1621 reliquis
480 1539 589 1622 figuris
612 1540 713 1605 multa
735 1540 812 1605 satis
834 1540 992 1622 eleganter
1016 1539 1184 1604 coniectari
1200 1541 1339 1622 possunt,

187 1642 214 1706 si
231 1641 300 1723 quis
317 1639 395 1704 satis
416 1639 561 1704 habuerit
582 1639 631 1705 his
652 1639 762 1724 figuris
778 1641 1024 1723 qualemcunque
1045 1658 1170 1705 sensum
1191 1640 1337 1706 subicere.

187 1741 280 1806 Talia
304 1741 524 1822 interpretibus
551 1740 643 1805 iaeilc
664 1740 924 1816 condonabimus3
952 1759 1025 1806 nam
1047 1739 1075 1804 si
1097 1759 1157 1805 non
1174 1741 1338 1824 tragoedia

186 1842 256 1924 ipsa
277 1840 527 1922 interpretationi
549 1841 633 1904 certe
655 1840 793 1905 subsidia
816 1839 969 1922 suggerit,
1000 1839 1038 1904 de
1071 1859 1106 1904 ea
1142 1840 1247 1905 actum
1281 1841 1337 1906 est.

187 1941 291 2023 Quare
313 1959 374 2005 non
395 1939 497 2004 minus
519 1939 558 2005 iis
580 1940 772 2005 antevertere
795 1939 894 2018 volui,
923 1939 977 2023 qui
1006 1939 1110 2004 forsan
1134 1940 1223 2004 iham
1248 1940 1337 2006 ferni-

186 2060 262 2107 nam
297 2059 352 2123 pro
380 2039 437 2105 dea
465 2039 615 2116 habeant;
648 2040 698 2104 oui
731 2040 926 2106 coniecturae
955 2039 1051 2106 etiam
1081 2039 1232 2122 obstrepit
1253 2041 1338 2106 totus

186 2141 314 2208 habitus
350 2141 530 2223 modusque,
571 2159 632 2224 quo
667 2141 741 2206 huie
779 2158 907 2206 scaenae
942 2139 1059 2204 inserta
1095 2140 1141 2205 est
1178 2139 1230 2220 (oi.
1252 2140 1338 2206 Hink

186 2238 413 2324 l.1.p.121);
444 2260 515 2307 cum
536 2243 568 2306 ni
590 2242 683 2307 iallor
709 2240 895 2307 verecundia
921 2240 1075 2323 quaedam
1104 2240 1239 2306 artifices
1266 2260 1338 2324 pro-

187 2343 319 2426 hiberet,
341 2343 506 2426 quominus
528 2343 601 2408 deos
625 2344 683 2408 hoc
704 2341 796 2408 modo
818 2360 918 2424 neque
938 2341 1057 2425 insigni
1080 2341 1145 2407 ullo
1167 2341 1337 2408 instructos

186 2461 287 2526 neque
309 2443 437 2508 elatiore
458 2443 569 2508 habitu
590 2443 680 2508 rebus
702 2441 848 2508 humanis
870 2441 1089 2506 immiscerent.
1134 2441 1183 2506 An
1199 2441 1336 2508 fructum

186 2561 205 2610 a
230 2544 357 2625 puerulo
379 2544 491 2623 latum,
513 2563 604 2626 quem
627 2544 707 2608 alter
729 2543 940 2625 sarcophagus
964 2543 1060 2607 etiam
1078 2543 1192 2625 omisit,
1215 2544 1338 2628 insigne

186 2663 262 2709 esso.
275 2642 469 2708 affirmabis?
502 2679 541 2688 -
574 2643 750 2721 Rationem,
783 2661 844 2726 qua
866 2661 931 2706 rem
954 2642 1158 2723 expediamus,
1182 2642 1258 2708 satis
1281 2662 1337 2709 an·

185 2747 239 2808 tea
262 2744 390 2808 munivi.
434 2745 472 2809 ln
506 2744 609 2827 puella
639 2743 680 2808 ad
713 2744 852 2808 dextram
881 2743 1095 2826 progrediente
1120 2763 1209 2808 serva
1239 2763 1338 2828 agno·

187 2843 310 2922 scenda,
333 2863 413 2926 quae
434 2844 474 2909 ad
487 2846 638 2910 Theseum
664 2843 816 2909 festinans
839 2843 984 2909 nuntium
1008 2842 1046 2908 de
1063 2843 1223 2909 Phaedrae
1238 2848 1338 2910 morte

186 2945 326 3012 allatura
348 2946 410 3021 cst3
434 2945 518 3010 iussa
539 2945 596 3011 illa
618 2965 636 3010 a
659 2944 785 3009 domina
808 2944 919 3009 liberos
937 2943 1046 3009 Thesei
1068 2943 1140 3009 fidei
1162 2963 1199 3009 ao
1220 2945 1337 3012 tutelae

186 3048 392 3130 committere,
416 3047 503 3111 ouius
525 3046 650 3130 signum
672 3046 837 3127 puerulum
859 3045 1019 3127 adportat3
1042 3064 1114 3109 nam
1138 3046 1236 3111 altera
1259 3065 1337 3130 quo·

186 3168 248 3234 que
279 3147 421 3214 Phaedra
455 3166 514 3212 non
550 3147 644 3212 semel
671 3148 796 3212 tantum
833 3145 1001 3212 liberorum
1036 3165 1153 3212 memor
1194 3149 1241 3212 est
1282 3147 1335 3228 (ci.
1447 3163 1449 3167 ⁴

187 3270 216 3316 v.
249 3251 322 3315 421.
356 3248 440 3329 717).
501 3247 628 3314 Servam
665 3248 835 3314 comitatur
871 3247 1069 3331 paedagogus
1110 3283 1149 3293 -
1179 3267 1251 3313 nam
1291 3248 1336 3312 sic

186 3370 290 3418 senam
306 3351 416 3415 merito
432 3349 570 3414 nomines
582 3383 632 3432 -,
656 3349 710 3432 qui
732 3367 767 3412 ex
791 3349 943 3414 subitaria
958 3349 1117 3414 Phaedrae
1131 3367 1204 3414 nece
1225 3348 1337 3415 volun-

186 3453 270 3519 taria
302 3471 415 3517 novam
442 3452 646 3534 suspicionem
674 3451 801 3516 trahone
831 3450 948 3515 domini
976 3451 1185 3515 innocentiam
1212 3452 1336 3515 strenue

187 3552 324 3619 defendit
357 3552 466 3616 contra
498 3571 630 3636 servam,
668 3551 821 3616 Theseum
861 3551 991 3616 fortasse
1021 3551 1079 3615 hoc
1117 3551 1335 3616 dehortaturus

187 3654 247 3736 frg.
271 3653 348 3717 443:

339 3751 456 3837 Θησεῦ,
478 3757 629 3836 παραινῶ
650 3772 705 3816 σοι
726 3745 765 3816 τὸ
786 3751 927 3836 λῷστον·
949 3747 980 3816 εἰ
998 3754 1143 3838 φρονεῖς,

335 3850 436 3937 μηδὲν
457 3854 569 3918 πιθοῦ
590 3852 714 3937 γυναικὶ
735 3842 864 3938 τάληθῆ
886 3851 993 3917 κλύων
1004 3856 1023 3917 ¹.

188 4041 280 4111 XXIJ)
298 4041 441 4111 Vorlegbl.
455 4040 513 4095 Ser.
526 4041 559 4095 V.
572 4039 603 4093 T.
617 4039 678 4094 XIl.
695 4040 718 4094 l.
737 4039 863 4092 Dumont
877 4039 946 4092 Rev.
960 4036 1082 4092 arohdol.
1104 4039 1172 4091 1872
1190 4055 1218 4107 p.
1233 4039 1335 4107 llileq.

189 4130 368 4199 Heydemann
386 4130 472 4184 Arch.
491 4130 560 4184 Zeit.
583 4130 651 4183 1872
671 4147 696 4198 p.
716 4130 759 4182 60.

290 4219 299 4252 ¹
317 4217 395 4272 ceu:
423 4221 530 4288 γυναικὶ
548 4223 648 4271 πείθου
666 4217 738 4288 μηδὲ
758 4213 861 4282 τάληθῆ
880 4208 977 4283 κλύων,
999 4216 1075 4284 quod
1094 4214 1179 4285 vulgo
1199 4215 1335 4284 interpre-

188 4306 242 4361 tati
259 4311 337 4360 sunt:
357 4323 392 4360 ne
410 4306 505 4360 credas
515 4306 637 4374 mulieri,
655 4305 765 4359 etiamsi
779 4320 846 4358 vera
859 4303 954 4371 audis;
974 4321 1059 4372 quam
1072 4303 1238 4357 sententiam
1253 4321 1334 4372 pror·

191 4411 236 4448 sue
254 4411 413 4464 perversam
431 4394 538 4449 dudum
555 4393 719 4463 reprobavit
738 4392 828 4446 Hiller
854 4390 949 4462 (Liber
967 4392 1044 4446 miso.
1066 4391 1107 4446 ed.
1129 4409 1145 4446 a
1163 4408 1217 4446 soc.
1236 4392 1334 4461 philol.
