3154 5076
778 399 814 454 20

218 569 363 651 privigno
388 587 449 634 non
472 568 614 633 nocitura
636 569 711 646 suo’,
745 587 835 650 quem
857 568 921 632 iam
943 567 1070 655 dudum,
1104 568 1157 651 qui
1184 569 1244 633 huc
1271 587 1367 652 usque

216 687 266 734 mo
294 670 392 733 secuti
421 671 503 748 sunt,
539 670 615 734 mihi
646 670 812 735 obicientes
845 669 947 734 audio.
991 669 1122 734 Adscita
1150 670 1227 752 ipsa·
1249 672 1365 747 nostra,

216 769 253 835 de
276 789 338 851 qua
360 771 500 853 quaestio
523 772 580 850 est,
615 768 787 836 Coroniferi
819 790 930 836 scaena
964 770 1136 836 difficultas
1168 772 1365 853 aliquatenus

217 873 298 936 certe
327 872 495 954 expeditur.
550 871 632 936 Nam
661 871 801 937 Phaedra
834 892 869 937 ea
898 873 1023 936 tantum
1056 872 1213 955 intellegit
1245 873 1365 954 pocula,

217 972 328 1052 quibus
344 960 486 1055 privigno
503 991 564 1037 non
585 991 702 1051 nocere,
726 973 778 1037 sed
801 973 860 1038 sibi
882 972 997 1037 mederi
1018 973 1109 1056 velit;
1132 974 1240 1038 contra
1262 973 1367 1036 nutrix

217 1091 324 1137 nocere
343 1073 422 1137 vult.
453 1074 512 1140 Sed
528 1074 639 1156 pocula
654 1074 721 1155 ipsa
742 1074 775 1138 in
795 1075 957 1156 tragoedia
972 1075 1216 1155 praetenduntur
1230 1075 1366 1156 tantum,

216 1191 276 1237 non
293 1173 476 1248 miscentur;
498 1175 605 1257 itaque
626 1175 737 1252 nescio,
759 1193 800 1238 an
812 1174 844 1238 in
860 1174 1069 1239 Alexandrino
1092 1174 1197 1257 aliquo
1220 1174 1365 1252 carmine,

216 1273 256 1338 ad
281 1275 363 1357 quod
385 1275 554 1340 identidem
576 1278 683 1358 postea
698 1293 863 1355 recurram,
886 1277 944 1340 hoc
967 1277 1159 1340 contrarium
1182 1275 1277 1340 etiam
1299 1295 1367 1340 am·

215 1375 297 1457 plius
319 1377 365 1440 ita
388 1378 569 1441 exornatum
592 1377 696 1454 fuerit,
732 1379 767 1440 ut
790 1378 894 1442 nutrix
919 1396 953 1442 re
974 1396 1046 1443 vcra
1069 1378 1228 1443 Phaedrae
1255 1378 1366 1461 pocula

216 1477 358 1542 misceret
374 1478 413 1542 ad
428 1477 563 1542 furorem
579 1479 759 1552 sedandum,
784 1477 865 1561 quod
888 1479 1063 1562 simularet,
1087 1498 1158 1543 curn
1179 1478 1283 1560 potius
1305 1478 1366 1560 pri-

217 1578 348 1661 vignum
370 1579 410 1642 iis
430 1578 565 1643 delenire
587 1580 753 1644 studeret¹.
792 1579 828 1642 ln
840 1580 1046 1664 Hippolytum
1063 1579 1208 1644 Velatum
1224 1579 1282 1643 hoc
1304 1597 1366 1644 non

219 1679 372 1761 quadrare
395 1689 464 1744 mox
487 1680 615 1745 videbis,

317 1780 377 1846 Sed
399 1783 435 1846 ut
455 1783 525 1863 post
550 1782 632 1847 hanc
659 1782 880 1865 digressionem
914 1783 953 1848 ad
979 1783 1158 1865 Euripidem
1189 1781 1364 1848 redeamus:

217 1881 386 1965 Phaedrae,
410 1901 480 1947 curn
496 1883 533 1949 de
555 1884 614 1948 tali
634 1885 837 1948 medicamine
852 1883 1003 1948 nutricem
1020 1883 1207 1964 interpellet,
1231 1903 1266 1948 ex
1281 1883 1367 1947 nulla

219 1984 308 2063 parta
330 1983 395 2047 eius
417 1985 565 2066 ambiguo
588 2003 727 2049 sermone
749 1985 882 2066 suspicio
906 1987 974 2049 orta
998 2003 1061 2050 esse
1083 1985 1215 2050 videtur.
1246 1983 1367 2064 Arripit

215 2083 258 2161 id,
280 2102 340 2165 quo
362 2085 422 2149 sibi
444 2103 499 2149 suo
521 2085 588 2150 iure
610 2086 743 2149 salutem
760 2085 892 2150 allatum
916 2085 955 2149 iri
970 2087 1081 2167 sperat,
1105 2085 1224 2167 reliqua
1240 2083 1365 2148 omnino

217 2204 279 2248 non
300 2204 420 2250 curans.
449 2185 560 2269 Itaque
577 2204 672 2250 unum
691 2188 777 2268 patet
792 2187 958 2270 refugium,
982 2188 1077 2268 atque
1096 2185 1128 2250 id
1144 2186 1234 2249 unice
1248 2203 1365 2261 verum,

216 2288 253 2349 ut
267 2305 427 2351 sumamus
439 2286 615 2352 Phaedram
637 2287 754 2370 fingere
775 2287 869 2352 istam
885 2286 1117 2369 simplicitatem
1141 2288 1172 2350 et
1185 2285 1367 2368 intellegere

217 2388 307 2466 nolle,
336 2407 397 2471 quo
420 2388 551 2452 nutricis
574 2389 723 2471 ambigua
746 2388 880 2469 quidem,
913 2387 965 2452 sed
988 2387 1216 2452 somniantibus
1240 2387 1366 2451 tantum

217 2490 347 2555 obscura
374 2489 503 2554 consilia
531 2489 671 2554 tendant.
716 2489 828 2554 Servat
854 2487 985 2572 speciem
1012 2488 1190 2572 pudicitiae,
1225 2488 1365 2552 attamen

166 2629 168 2634 ·
217 2591 256 2655 ab
275 2589 360 2654 omni
382 2590 471 2671 culpa
494 2590 621 2655 liberari
651 2590 767 2672 nequit,
800 2609 871 2654 cum
894 2591 1020 2654 omnino
1048 2590 1087 2654 ad
1116 2589 1247 2654 nutricis
1269 2589 1366 2652 eimu-

216 2691 348 2756 lationes
371 2689 551 2766 descendat3
582 2691 663 2774 quod
694 2695 731 2755 ut
753 2692 858 2773 palam
886 2692 940 2757 fiat
963 2728 999 2737 —
1025 2692 1089 2757 noli
1119 2692 1178 2757 hoc
1204 2691 1367 2774 neglegere

215 2793 359 2874 —poeta
382 2792 474 2874 fingit
485 2793 659 2858 Phaedram
682 2795 748 2858 tam
764 2793 898 2858 levicula
918 2795 949 2858 et
970 2794 1095 2858 inutilia
1110 2793 1366 2876 interrogantem.

214 2895 337 2977 Aptum
359 2896 517 2976 praeterea
551 2894 611 2958 sibi
634 2897 726 2976 parat
756 2895 814 2959 hoc
837 2895 928 2960 modo
950 2895 1119 2960 transitum
1146 2894 1186 2959 ad
1208 2913 1253 2970 ea,
1288 2911 1367 2977 quae

215 2997 402 3077 sequuntur;
425 2996 537 3078 quibus
553 2995 721 3059 dilucidius
737 2996 832 3060 etiam
849 2996 947 3061 vetita
958 3015 1035 3078 spes,
1060 3015 1121 3079 qua
1136 2996 1249 3060 mulier
1258 3012 1366 3060 amans

311 3283 329 3344 ,¹
348 3283 411 3337 Huc
442 3284 568 3338 convicia
601 3284 734 3351 tendunt,
767 3285 868 3353 quibus
898 3282 1061 3352 Propertius
1090 3283 1182 3337 lenam
1211 3282 1367 3353 proscindit

218 3370 251 3440 V,
261 3373 286 3426 h.
299 3373 327 3425 5:
348 3369 440 3426 ‘docta
459 3373 505 3428 vel
517 3373 698 3442 Hippolytum
710 3373 811 3427 Veneri
832 3373 940 3426 mollire
958 3369 1124 3440 negantem’.
1153 3372 1318 3426 Remedium
1336 3371 1367 3423 in

217 3464 492 3530 utramquepartem
512 3462 606 3515 valens
627 3461 700 3514 Dido
725 3459 865 3531 significat
889 3460 1069 3530 (Verg.Ae11.
1089 3460 1136 3530 IV,
1156 3463 1209 3516 478
1227 3459 1280 3531 sq.)
1304 3476 1366 3513 cum

217 3567 312 3604 sorore
340 3551 544 3604 communicans
574 3568 602 3604 11
631 3567 713 3620 sagae
738 3567 791 3618 ope
818 3551 893 3604 viam
916 3550 1063 3617 invenisse,
1093 3566 1164 3618 quae
1189 3549 1243 3602 sibi
1267 3547 1367 3601 reddat

217 3637 340 3692 Aeneam
359 3638 405 3692 vel
425 3655 457 3692 eo
476 3655 504 3691 se
524 3639 615 3692 solvat
638 3641 787 3692 amantem.
823 3638 1001 3708 Exemplum,
1029 3638 1079 3692 ubi
1106 3638 1236 3707 poculum
1262 3638 1367 3690 amato·

217 3727 291 3780 rium
312 3726 347 3780 ab
366 3727 427 3795 ipsa
444 3727 572 3792 muliere,
600 3743 671 3793 quae
689 3726 800 3780 allicere
820 3726 889 3794 vult,
915 3726 1034 3794 bibitur,
1063 3730 1155 3780 exstat
1174 3725 1248 3795 apud
1267 3724 1367 3778 Lucia·

218 3833 285 3868 num
304 3816 378 3869 Dial.
397 3820 510 3869 meretr.
530 3818 554 3869 4.
592 3815 789 3868 Alexandrinis
809 3818 903 3868 autem
915 3814 1059 3868 Phaedrae
1078 3831 1156 3868 sacra
1173 3813 1283 3882 magica
1296 3810 1367 3864 bene

215 3903 369 3957 innotuisse
388 3904 524 3972 Diltheyii
543 3905 704 3958 coniectura
723 3903 967 3973 (1111111111
985 3921 1012 3972 p.
1039 3904 1100 3967 157)
1119 3903 1149 3956 in
1162 3902 1273 3971 pictura
1286 3899 1366 3952 Pom*

217 3992 318 4060 peiana
328 3981 421 4059 (Helb'.
432 3993 483 4047 No.
496 3993 576 4060 1433)
588 3993 753 4061 Phaedram,
771 3993 816 4046 cui
829 3993 926 4046 nutrix
939 4009 972 4046 ex
986 3992 1103 4046 adverso
1116 3995 1181 4058 stet,
1199 3989 1367 4044 noscendam

217 4097 275 4134 esse
293 4081 322 4133 11
342 4081 446 4135 femina
464 4082 576 4136 sedente
596 4082 726 4149 laqueum
745 4086 869 4151 gerente,
887 4072 1075 4135 instrumenta
1093 4079 1202 4149 magica
1216 4079 1246 4132 in
1259 4081 1366 4130 statun-

218 4170 281 4223 cula
299 4174 327 4223 et
347 4170 483 4238 amphora
502 4171 561 4224 illic
580 4171 701 4238 depicta,
725 4171 800 4224 ultro
818 4171 973 4238 probasset,
996 4171 1019 4224 si
1038 4173 1116 4223 11111
1134 4171 1213 4222 esset.
1250 4165 1367 4218 Errasse

216 4257 310 4311 virum
328 4258 450 4326 doctum,
475 4275 538 4312 cum
559 4260 678 4312 alteram
702 4259 841 4336 picturam
865 4259 894 4311 in
913 4257 1042 4312 Palatino
1069 4261 1177 4310 11111111
1201 4254 1291 4308 eidem
1308 4269 1366 4305 ma·

216 4347 304 4400 111111
322 4347 479 4401 vindicaret
492 4348 521 4414 (l.
535 4348 574 4416 1.),
593 4347 744 4401 novissima
763 4347 890 4415 picturae
909 4345 996 4399 editio
1007 4345 1082 4399 Mon.
1100 4344 1165 4398 dell'
1185 4343 1251 4397 1111.
1264 4341 1312 4410 XI,
1332 4341 1366 4392 23

217 4434 312 4489 vincit.
