3142 5074
781 388 832 440 102

331 564 447 629 Verum
470 563 528 626 boc
549 561 616 626 loco
637 561 804 643 dissipatas
826 558 1054 623 observationes
1077 554 1263 621 concludens
1284 573 1381 618 unum

231 666 342 730 notatu
364 664 495 747 dignum
520 661 618 727 denuo
641 662 770 744 tangam
794 677 914 724 necesse
936 659 999 723 est:
1028 659 1168 723 animum
1189 655 1312 722 libidini
1335 674 1383 719 re-

231 768 403 833 luctantem
415 766 540 849 eiusque
556 764 645 848 quasi
663 764 808 828 naturam
831 762 862 826 et
877 761 941 825 rim
964 760 1053 824 anxie
1074 758 1184 824 rimari
1208 777 1244 823 ac
1262 757 1384 822 ratione

231 870 374 952 frangere
396 868 583 940 conantem3
616 864 649 929 in
672 882 732 947 quo
755 861 949 945 depingendo
973 861 1106 925 maxime
1128 860 1210 942 apud
1235 857 1382 924 Ovidium

231 970 340 1053 utpote
359 969 530 1035 uberiorem
554 967 687 1049 poetam,
711 963 761 1028 oui
778 963 943 1028 nonnullas
963 961 1214 1026 narratiunculas
1229 959 1383 1041 subiunxi,

231 1069 389 1152 Euripidis
417 1068 637 1134 anctoritatem
659 1065 762 1148 detegi
784 1083 871 1146 posse
896 1062 1082 1146 significavi.
1126 1061 1226 1146 Atqui
1259 1062 1292 1125 in
1323 1061 1384 1124 hac

231 1170 366 1252 renihil
391 1187 465 1233 sane
495 1168 556 1246 est,
590 1166 672 1249 quod
698 1159 875 1238 demireris3
908 1163 1055 1246 quoniam
1079 1163 1242 1244 Euripides
1265 1162 1384 1245 primus

233 1290 370 1338 amorem
393 1269 532 1334 omnium
557 1268 654 1333 animi
680 1265 948 1348 perturbationum
971 1263 1275 1328 vehementissimam
1297 1262 1386 1326 solli-

232 1373 293 1438 cite
327 1371 365 1436 de
397 1390 429 1436 se
459 1370 525 1451 ipso
563 1368 834 1451 argumentantem
867 1367 899 1430 et
929 1367 1082 1446 tanquam
1115 1364 1162 1428 sni
1195 1363 1255 1428 sibi
1288 1363 1386 1429 ratio-

233 1492 301 1538 nem
322 1471 448 1537 reddere
470 1470 646 1536 studentem
668 1469 701 1532 in
722 1485 865 1532 scaenam
886 1466 1013 1530 deduxit
1046 1465 1173 1530 minime
1203 1464 1326 1546 quidem
1350 1481 1385 1528 eo

232 1592 333 1651 sensu,
357 1573 392 1636 ut
415 1571 501 1637 recta
523 1570 604 1634 ratio
626 1568 791 1633 libidinum
814 1567 966 1648 impeturn
990 1566 1155 1643 cohiberet,
1177 1565 1209 1629 id
1233 1564 1315 1648 quod
1338 1563 1386 1627 11-

234 1676 336 1738 cetum
364 1673 456 1737 illum
484 1671 636 1738 comicum
658 1669 877 1734 Atheniensem
904 1667 943 1732 ad
972 1665 1172 1730 deridendum
1201 1667 1270 1748 plus
1291 1666 1386 1730 semel

233 1774 401 1839 inliciebat.
456 1774 567 1855 ltaque
599 1771 670 1835 inde
702 1771 741 1834 ab
775 1769 922 1850 Euripide
955 1768 1022 1832 toto
1056 1785 1167 1849 genere
1193 1767 1386 1832 disiunctum

234 1876 383 1941 habemus
404 1892 540 1938 amorem
563 1889 683 1936 merum
706 1889 828 1934 sensum
852 1870 883 1935 et
906 1887 1041 1934 amorem
1064 1868 1161 1932 animi
1183 1869 1303 1932 motum
1318 1887 1388 1950 per-

234 1976 501 2058 turbatumque
533 1972 711 2039 accuratius
747 1990 841 2052 quam
876 1971 1049 2053 elegantius
1072 1968 1208 2033 Bulrreri
1235 1969 1387 2033 iudicium

235 2076 420 2142 adumbrare
443 2076 571 2140 conatus
594 2091 662 2138 sum
674 2071 693 2137 ¹.
720 2105 762 2116 -
784 2072 889 2152 Atque
910 2072 968 2135 hac
991 2070 1205 2135 observatione
1228 2069 1321 2134 simul
1343 2069 1387 2134 eis

236 2175 447 2241 dubitationes
470 2173 591 2240 evulsas
614 2173 704 2254 volo,
737 2173 791 2255 qui
819 2171 1033 2254 praeiudicata
1055 2172 1086 2235 et
1108 2171 1247 2252 captiosa
1268 2188 1386 2251 semper

236 2277 269 2342 in
299 2276 347 2341 his
376 2277 468 2342 rebus
501 2275 644 2357 opinione
677 2273 904 2354 circumscripti
935 2291 972 2336 ac
998 2271 1118 2354 decepti
1143 2271 1182 2336 ad
1205 2270 1387 2354 explicanda

237 2378 299 2443 ista
323 2377 506 2442 ornamenta
533 2376 665 2440 naturae
694 2375 784 2458 quasi
812 2373 904 2437 fidem
934 2373 1088 2438 testentur
1120 2372 1185 2436 stili
1215 2389 1388 2454 congruen-

236 2477 314 2542 tiam
339 2477 566 2562 neglegentem.
611 2477 660 2540 An
690 2495 762 2540 casu
792 2473 928 2538 evenisse
951 2473 1096 2556 opinaris
1119 2473 1209 2538 utin
1233 2473 1388 2538 similibus

237 2579 375 2662 antiquis
399 2578 514 2643 fabulis
541 2578 640 2660 iisqne
667 2575 773 2641 liberis
796 2576 835 2640 ab
859 2574 1017 2656 Euripidis
1041 2574 1231 2646 arroteritate
1252 2592 1314 2638 non
1335 2592 1388 2637 oc-

231 2680 365 2744 currant
387 2680 528 2744 similia?
572 2678 725 2742 Pindarus
748 2678 838 2751 certe,
863 2676 916 2758 qui
939 2676 1063 2740 uberius
1078 2675 1267 2759 Hippolytae
1279 2675 1389 2740 Acasti

237 2779 340 2844 uxoris
368 2780 592 2846 clandestinam
613 2778 775 2842 libidinem
798 2776 945 2860 dolosque
975 2777 1111 2854 eantat³‚
1143 2776 1203 2840 sibi
1235 2777 1389 2857 temperat

238 2882 362 2946 abhuc
391 2880 642 2963 amplificatione.
684 2880 793 2962 Neque
825 2879 936 2962 Myrtis
968 2877 1102 2959 poetria,
1136 2877 1223 2941 errius
1254 2877 1388 2941 similem
1441 2927 1444 2930 .

246 3027 442 3039 μί--ι

342 3090 442 3144 ¹‘The
465 3091 529 3144 dist'
509 3094 580 3144 ttrnc
581 3089 629 3144 ion
656 3091 782 3144 between
807 3091 870 3144 love
899 3109 928 3144 as
954 3109 970 3144 a
1000 3089 1112 3159 passion
1141 3088 1196 3143 and
1224 3090 1288 3144 love
1316 3107 1346 3144 as
1374 3108 1391 3144 1

239 3175 421 3248 sentiment‘p
453 3179 487 3233 cf.
508 3179 607 3233 Rohde
631 3180 649 3232 l.
667 3180 685 3232 l
713 3197 741 3249 p.
762 3181 805 3232 55.
824 3183 849 3232 4.
888 3178 920 3233 E.
942 3179 1061 3233 Mueller
1080 3178 1177 3232 Gesch.
1197 3177 1223 3231 d.
1242 3177 1342 3232 Theor.
1363 3178 1389 3232 d

238 3269 376 3323 Kunstb.
396 3268 422 3322 d.
443 3267 500 3320 Ait.
521 3267 579 3336 lp.
599 3267 649 3320 148
669 3285 763 3336 sq.-
730 3266 966 3320 -Fabulatcres
986 3283 1096 3333 quoque
1108 3265 1313 3320 Alexandrinos
1332 3269 1390 3321 tra·

239 3359 296 3428 gici
321 3356 447 3426 exemplo
471 3373 534 3408 usos
557 3356 676 3410 amentis
700 3356 787 3410 animi
815 3359 879 3424 pert
867 3354 973 3408 tt'urba
952 3355 1024 3408 troni
1053 3349 1137 3407 νόσου
1163 3373 1265 3409 nornen
1293 3357 1391 3410 indere

240 3445 471 3501 animadvertisti.
508 3445 547 3497 At
566 3462 640 3508 cave,
660 3461 695 3498 ne
714 3445 779 3498 inde
798 3461 861 3497 cum
872 3443 982 3498 Rohdio
1002 3443 1031 3512 (1.
1043 3444 1061 3496 1.
1075 3461 1101 3513 p.
1113 3443 1168 3512 28),
1187 3443 1391 3515 cuiLimburg·

240 3535 372 3589 Brouwer
394 3533 524 3603 (histoire
542 3533 576 3587 de
595 3535 623 3587 la
642 3533 740 3588 civilis.
763 3533 789 3586 d.
810 3533 893 3587 Grecs
914 3533 927 3586 I
945 3551 972 3602 p.
994 3533 1056 3600 151)
1083 3533 1214 3601 praeivit,
1242 3535 1390 3588 concludas

241 3624 359 3678 Graecos
379 3622 532 3690 quemlibet
551 3640 673 3676 amorem
697 3640 749 3691 pro
769 3622 899 3675 morboso
919 3621 1006 3676 animi
1023 3619 1125 3674 affectu
1144 3621 1281 3675 habuisse.
1318 3622 1391 3676 Nam

240 3711 299 3765 fere
323 3711 352 3764 in
378 3711 507 3764 omnibus
534 3711 578 3763 his
606 3710 740 3778 exemplis
766 3711 861 3780 agitur
886 3709 921 3763 de
948 3710 1079 3778 cupidine
1103 3713 1221 3763 naturae
1245 3728 1391 3766 morumve

240 3799 348 3869 legibus
367 3802 559 3868 repugnante3
590 3817 625 3852 ne
644 3803 760 3867 excepto
781 3799 894 3867 quidem
913 3799 1041 3852 Herculis
1061 3799 1091 3850 in
1109 3798 1186 3852 Iolen
1210 3816 1313 3867 amore,
1342 3799 1390 3868 qui

242 3888 389 3941 Deianirae
401 3888 516 3941 illicitus
528 3888 618 3941 videri
632 3887 737 3941 debuit.
767 3887 873 3954 Quibus
893 3888 916 3940 si
934 3889 1017 3957 plura
1037 3891 1184 3941 contexere
1201 3887 1337 3956 studeam,
1356 3888 1391 3942 de

241 3977 343 4030 amoris
363 3974 412 4030 n'at
413 3994 473 4043 ura,
493 3977 602 4043 qualem
618 3976 716 4030 Graeci
731 3977 830 4030 animis
849 3976 1121 4044 comprehenderint
1100 3977 1176 4029 tad
1194 3976 1390 4044 philosopham

240 4065 402 4134 indaginem
420 4063 597 4134 profecturus
616 4065 723 4131 videor,
755 4083 847 4133 quarn,
876 4066 969 4119 licet
961 4084 991 4118 m
1009 4065 1171 4136 regionibus
1191 4066 1390 4119 amoenissimis

241 4154 351 4208 animus
369 4153 543 4222 peregrinari
562 4157 684 4222 expetat,
708 4154 743 4206 ab
761 4154 843 4207 huius
862 4155 916 4208 loci
935 4154 1072 4224 angustiis
1092 4170 1240 4224 segregare
1258 4153 1354 4206 malui

341 4239 1391 4312 18111111111111111111111111(1..(111165)111111111111111111111311

343 4327 643 4398 3111111.1,26(46)
667 4347 721 4399 sq.;
752 4329 787 4383 cf.
807 4329 885 4384 Nem.
904 4330 952 4398 IV,
978 4332 1013 4384 56
1031 4329 1088 4398 (91)
1109 4348 1148 4399 sq
1191 4328 1321 4398 Apollod.
1340 4328 1390 4392 III,

244 4420 329 4472 133
367 4416 457 4472 Schol.
477 4418 570 4487 Apoll.
590 4416 681 4473 Rhod.
700 4419 723 4487 Ι,
741 4419 802 4472 224.
840 4417 931 4474 Schol.
950 4420 1039 4474 Arist.
1057 4419 1130 4475 Nub.
1152 4410 1229 4473 1063
