3142 5074
745 459 796 517 115

197 629 300 697 ναίων
334 636 401 699 τῶν
431 629 582 720 μεγάλων
613 636 780 720 ἀγομένων
813 675 846 684 -—
883 634 1054 722 ἐτύγχανον
1084 639 1144 722 μὲν
1169 631 1347 726 ἒγῃβεῦων,

191 727 279 828 ᾄσας
312 736 348 803 δὲ
376 735 434 802 τὸν
467 731 617 803 clostra
649 741 772 802 παιᾶνα
804 739 844 826 τῇ
878 742 950 824 θεῷ
980 739 1037 804 ’καὶ
1067 735 1107 804 τὰ
1135 741 1347 824 νενομισμένα

193 830 470 923 προπομπεύσας,
506 837 551 916 αἱς
581 830 670 920 εἶχον
703 839 830 927 στολῆς,
864 831 948 928 αὐτῇ
979 835 1115 925 χλαμύδι
1148 842 1201 905 καὶ
1233 835 1345 919 αὐτοῖς

192 935 368 1024 στεφάνοις
391 935 527 1024 ἔρχομαι
550 930 659 1004 οἴκαδε
684 934 729 1017 ὦς
751 935 899 1024 Apros-cdv.
922 933 941 1029 ἢ
961 940 997 1006 δὲ
1019 937 1133 1030 ἐπειδὴ
1155 939 1344 1026 τὸπρῶτον

192 1031 279 1105 εἶδεν
293 1041 361 1106 κτλ.
389 1042 479 1106 Alter
499 1041 526 1106 is
548 1042 595 1107 est
609 1042 796 1108 Troezenius
819 1043 917 1126 heros,
940 1044 994 1126 qui
1016 1042 1163 1127 mysteria
1186 1044 1343 1109 celebrans

193 1161 341 1208 novercae
357 1161 493 1208 amorem
511 1143 624 1218 inurit;
647 1143 741 1225 atque
755 1143 852 1208 istum
869 1144 994 1209 fabulae
1008 1143 1129 1208 auctori
1146 1164 1178 1208 re
1194 1164 1265 1208 vera
1280 1144 1342 1226 pri-

193 1263 278 1308 mum
290 1245 363 1308 ante
375 1245 479 1308 oculos
491 1243 585 1308 fuisse
597 1243 756 1309 Phaedrae
769 1243 902 1326 epistula
913 1245 1011 1309 vincit
1024 1243 1080 1309 Ov.
1090 1245 1162 1309 Her.
1170 1245 1223 1322 IV,
1235 1245 1342 1326 67sq.:

344 1345 493 1427 Tempore
516 1361 576 1426 quo
600 1345 687 1410 nohis
709 1345 790 1410 inita
812 1347 857 1410 est
881 1344 1014 1410 Cerealis
1036 1345 1171 1424 Eleusin,

392 1445 509 1512 Gnosia
533 1446 712 1512 mavellem
734 1446 918 1511 detinuisset
939 1447 1062 1511 humus

342 1547 432 1611 Tunc
450 1547 527 1611 mihi
549 1547 721 1630 praecipue,
743 1565 880 1611 necnon
903 1547 1009 1613 tamen
1033 1549 1105 1612 ante
1127 1547 1286 1629 placebas:

392 1665 461 1712 acer
483 1648 516 1711 in
538 1647 682 1712 extremis
706 1648 825 1712 ossibus
846 1649 948 1713 haesit
970 1667 1066 1714 amor.

343 1748 483 1814 Candida
505 1750 599 1814 vestis
621 1749 698 1828 erat,
720 1749 889 1832 praecincti
911 1749 984 1814 llore
1007 1749 1122 1833 capilli,

390 1850 473 1916 flaua
494 1851 685 1916 verecundus
706 1851 842 1915 tinxerat
862 1869 916 1915 ora
937 1852 1040 1916 rubor.
1429 1933 1433 1943 Ι

170 1999 171 2003 ,
193 1953 291 2018 Totus
311 1952 397 2018 locus
420 1953 543 2035 egregie
565 1953 702 2017 concinit
724 1971 794 2017 cum
815 1953 996 2029 Heliodoro;
1020 1952 1105 2031 adeo,
1130 1951 1211 2016 utin
1227 1950 1340 2016 eisdem

192 2053 284 2118 rebus
313 2072 331 2117 a
357 2053 481 2119 servata
504 2053 661 2135 Euripidis
683 2053 855 2136 Hippolyte
883 2053 1017 2119 recedat.
1062 2054 1144 2118 Nam
1174 2054 1200 2116 si
1223 2051 1342 2133 Hippo-

192 2155 278 2238 lytus
300 2173 362 2220 non
383 2155 452 2219 tnm
469 2155 603 2237 primum
620 2173 769 2219 nouercae
789 2153 917 2236 placuit,
941 2154 1181 2218 consentaneum
1203 2153 1250 2216 est
1272 2170 1342 2216 eum

194 2275 255 2321 non
277 2256 313 2321 ut
339 2256 371 2320 in
394 2255 572 2322 Coronifero
607 2255 649 2336 (r.
672 2245 713 2319 24
734 2253 796 2338 sq.)
828 2255 967 2319 Athenas
999 2254 1039 2318 ad
1072 2253 1235 2318 sollemnia
1264 2252 1344 2316 cele·

192 2357 313 2423 branda
334 2357 494 2439 migrasse,
529 2357 611 2440 quod
635 2356 764 2422 Ovidius
790 2375 823 2421 re
851 2375 923 2421 vera
952 2373 1014 2419 non
1044 2353 1131 2433 dicit,
1165 2353 1218 2420 sed
1251 2354 1344 2418 antea

151 2501 153 2506 -
194 2458 344 2524 illiciam
367 2458 593 2523 commoratum
618 2476 689 2522 esse.
735 2456 833 2538 Quod,
867 2456 894 2520 si
923 2475 1028 2521 omnes
1052 2457 1198 2539 rationes,
1231 2453 1343 2537 quihus

193 2561 284 2643 pocta
306 2561 445 2642 tragicus
465 2558 601 2641 potuerit
620 2577 685 2622 rem
711 2557 883 2633 inst'tuere,
911 2557 1112 2639 reputaveris,
1146 2556 1236 2620 unice
1257 2571 1343 2617 meae

194 2661 389 2726 coniecturae
420 2677 597 2726 succurrere
627 2657 773 2722 concedes
799 2657 832 2721 in
860 2656 1030 2741 Hippolyto
1051 2657 1163 2722 Velato
1198 2673 1339 2719 scaenam

194 2761 287 2826 tuisse
311 2761 442 2825 Athenis
455 2763 476 2824 ¹.
520 2761 588 2825 Iam
618 2779 688 2824 cum
711 2758 891 2840 Euripidem
916 2758 982 2822 illic
1009 2758 1047 2822 dc
1068 2756 1232 2840 Hippolyti
1254 2754 1341 2818 cultu

194 2863 313 2945 aliquid
336 2862 488 2927 indicasse
510 2862 628 2926 certum
650 2860 701 2938 sit,
735 2860 794 2925 Leo
816 2858 850 2940 (l.
871 2859 892 2924 l.
915 2879 943 2941 p.
968 2859 1041 2939 177)
1064 2856 1264 2923 existumavit
1286 2853 1343 2919 Se·

195 2981 302 3028 necam
324 2982 352 3028 u.
378 2964 438 3027 651
462 2949 524 3045 sqssz

344 3064 414 3146 quis
436 3065 503 3128 tum
526 3063 580 3127 ille
602 3062 706 3126 fulsit!
730 3062 903 3144 presserant
925 3059 1024 3125 vittae
1046 3076 1165 3123 comam

344 3165 375 3230 et
397 3185 451 3230 ora
473 3164 572 3230 flavus
593 3165 698 3229 tenera
720 3162 885 3245 tinguebat
907 3161 1006 3244 pudor

194 3267 252 3331 hoc
272 3267 311 3333 ad
335 3269 487 3333 Theseum
507 3265 714 3330 transtulisse.
759 3263 910 3346 Equidem
933 3262 1029 3326 nolim
1053 3260 1200 3325 continuo
1224 3258 1342 3338 discep-

193 3368 271 3447 tare,
307 3369 408 3451 quoad
432 3369 546 3434 Seneca
571 3367 610 3432 ad
629 3366 743 3449 ipsum,
759 3365 916 3445 tragicum
946 3382 978 3428 se
1007 3360 1221 3434 adstrinxerit3
1253 3376 1342 3440 prae-

194 3470 302 3534 sertim
323 3488 393 3535 cum
413 3467 627 3549 Alexandrini,
653 3468 688 3530 ut
709 3466 757 3531 uir
781 3465 889 3529 doctus
911 3461 1143 3540 animadvertit,
1178 3461 1211 3524 in
1234 3456 1342 3523 Thesei

195 3572 282 3636 cultu
303 3570 490 3635 illustrando
513 3567 710 3650 praeiverint.
753 3567 834 3631 Nam
857 3565 989 3630 Senecae
1014 3582 1136 3627 versum
1159 3562 1234 3626 648:
1255 3557 1341 3623 ‘cum

194 3673 295 3753 prima
322 3691 414 3754 puras
445 3671 543 3735 barba
570 3668 710 3752 signaret
727 3667 837 3749 'genas’
869 3665 1034 3731 manifesto
1056 3682 1126 3727 cum
1150 3660 1341 3726 Callimacho

194 3773 254 3856 lrg.
277 3774 318 3836 44
340 3790 507 3854 congruere
530 3769 636 3834 Naehe
669 3768 720 3848 (de
743 3766 820 3832 Call.
843 3767 917 3831 Hec.
943 3784 972 3847 p.
996 3765 1050 3844 88)
1085 3763 1203 3827 dudum
1225 3759 1341 3825 docuit.

194 3875 279 3941 Idem
309 3875 376 3938 iure
405 3871 579 3954 suspicatus
612 3877 659 3936 est
680 3868 850 3934 Battiaden
876 3867 939 3931 iam
967 3866 1003 3929 ut
1025 3863 1172 3928 Senecam
1200 3865 1240 3936 (v.
1266 3857 1341 3941 654)

195 3977 347 4042 Theseum
364 3994 434 4039 eum
449 3972 595 4055 Apolline
611 3988 803 4053 comparasse
815 3970 836 4047 ²,
859 3986 897 4032 ne
915 3966 969 4031 diu
986 3967 1128 4029 haeream
1143 3963 1176 4025 in
1187 3962 1342 4044 Apollinis

297 4138 306 4166 ¹
326 4135 458 4190 Ovidium
475 4137 575 4203 utpote
593 4133 622 4186 in
642 4132 685 4186 his
698 4132 781 4186 rebus
793 4131 997 4200 neglegentem,
1016 4125 1060 4180 cui
1073 4125 1342 4212 practereauservata

194 4223 339 4293 Euripidis
363 4222 458 4277 fabula
483 4241 546 4277 eum
570 4222 653 4275 heroe
677 4237 726 4274 suo
752 4219 866 4288 proprie
884 4215 1037 4270 Troezenio
1062 4214 1133 4267 bene
1156 4216 1224 4265 nota
1249 4210 1343 4272 fuerit,

195 4313 253 4366 noli
270 4312 368 4366 mirari
386 4315 484 4380 postea
503 4310 539 4380 (v.
563 4309 624 4378 107)
643 4305 800 4362 Phaedram
820 4305 959 4359 Troezene
977 4306 1136 4358 versantem
1155 4299 1274 4369 fingere3
1305 4295 1341 4348 cf.

194 4399 258 4453 Birt
275 4399 293 4453 l.
310 4400 329 4453 l.
348 4417 375 4467 p.
395 4401 455 4452 403.
475 4401 500 4452 2.

296 4489 306 4520 ²
326 4487 356 4540 L.
375 4487 394 4540 l.
413 4505 440 4555 p.
461 4488 495 4540 89
516 4503 556 4553 sq.
594 4483 634 4538 Cf.
655 4481 806 4538 Schneider
826 4480 893 4534 call.
914 4479 938 4532 ΙΙ
957 4496 984 4546 p.
1007 4480 1064 4532 179.
