3154 5076
748 385 783 438 69

189 556 312 639 Longas
345 555 467 640 puellae
500 555 670 622 errationes
702 557 823 639 praeter
855 557 1002 624 Ovidium
1036 578 1063 626 v.
1091 558 1153 623 644
1177 577 1223 642 sq.
1257 577 1338 625 unus

190 656 296 722 Conon
319 658 541 723 commemorat
564 653 705 742 (πολλὴν
727 656 861 744 ἐρημίαν
884 658 1117 744 πλανηθεῖσα).
1149 659 1338 725 Nicaenetus

189 760 288 824 terras
310 758 413 841 potius
435 760 569 842 enarrat,
591 778 645 841 per
667 779 745 842 quas
762 758 886 825 Caunus
908 761 1093 844 migraverit
1108 763 1128 826 ¹.
1155 761 1247 844 Apud
1259 761 1338 826 Par·

188 860 328 925 tbenium
352 860 453 941 ipsum
477 859 584 926 infelix
606 860 709 943 puella
735 861 845 944 laqueo
872 861 976 927 fauces
1002 861 1142 940 innectit,
1177 860 1264 926 cuins
1290 859 1338 926 fa·

189 959 280 1026 bulac
302 961 419 1026 formae
440 960 597 1027 Nasonem
619 963 696 1027 bene
718 981 852 1044 gnarum
876 963 969 1028 fuisse
991 963 1180 1046 probatore
1197 963 1337 1028 Amator.

189 1063 215 1144 I,
231 1063 293 1128 284
315 1063 368 1140 (cf.
384 1064 502 1147 Hygin.
525 1065 547 1130 f.
565 1065 650 1145 243).
695 1065 782 1130 Idem
806 1065 980 1132 referebant
996 1058 1027 1128 oi
1051 1062 1200 1143 πλείοας;
1222 1062 1339 1145 compi-

177 1165 271 1230 lator
293 1165 398 1231 addit:
422 1163 505 1251 φασὶ
527 1163 563 1230 δέ
581 1189 667 1243 τινες
687 1164 740 1229 καὶ
757 1159 825 1230 ἀπὸ
840 1167 907 1230 τῶν
928 1159 1076 1247 δακρύων
1094 1159 1211 1250 κρήνην
1226 1167 1338 1250 ῥυῆναι

189 1261 256 1353 ἶδίηι
277 1261 338 1350 τήν
359 1265 557 1352 καλουμένην
579 1265 733 1349 Βοβλίδα.
777 1266 938 1348 Quomodo
966 1267 1042 1332 haec
1072 1267 1154 1332 inter
1175 1285 1207 1331 se
1229 1285 1337 1331 conso·

189 1367 311 1448 clarint,
335 1367 439 1434 Conon
460 1369 575 1435 indicio
598 1371 657 1435 est:
687 1363 808 1452 βρόχον
829 1364 888 1456 τὴν
909 1361 1011 1454 ζώνην
1031 1362 1120 1445 τινὸς
1140 1361 1260 1450 καρύας
1280 1391 1338 1431 κα-

189 1461 335 1552 &duaco
360 1463 477 1557 ἑαυτὴν
502 1460 694 1558 ἀνήρτησεν·
722 1467 807 1536 ἔνθα
834 1465 873 1559 δη
903 1463 1081 1554 κλαιούσης
1108 1461 1209 1556 αύτῖης
1241 1462 1338 1553 ἐρρύη

188 1563 228 1633 τὰ
250 1564 372 1652 δάκρυα
393 1569 447 1634 καὶ
468 1566 587 1661 κρηνην
609 1561 715 1656 ἀνῆκε,
749 1569 895 1653 Βοβλίδα
920 1573 992 1646 τοῖς
1019 1567 1208 1651 ἐπιχωρίοις
1228 1569 1338 1651 Ιὄνομα
1376 1645 1380 1652 ¹

189 1672 242 1754 (cf.
265 1672 367 1738 Sobel.
389 1672 544 1738 Theocrit.
567 1675 589 1738 l.
609 1674 653 1753 l).
690 1709 727 1719 -
762 1674 855 1757 Apud
880 1672 1083 1752 Nicandrum,
1118 1671 1172 1754 qui
1197 1691 1277 1737 unns
1300 1671 1337 1736 de
1385 1717 1387 1722 -

189 1772 295 1838 fratris
315 1773 564 1856 interpellatione
585 1775 662 1839 nihil
684 1775 787 1855 habet,
811 1772 945 1858 Byblida
966 1771 1080 1838 amoris
1101 1770 1299 1854 impatientia
1321 1790 1337 1837 e

189 1893 264 1956 rupe
284 1893 317 1940 se
337 1875 543 1958 praecipitare
563 1876 725 1940 conantem
742 1875 895 1958 nymphae
910 1873 1054 1938 cohibent
1068 1890 1197 1954 eamque
1212 1872 1338 1937 mutant

188 1976 221 2040 in
236 1974 475 2059 Hamadryada;
498 1976 639 2042 additur:
661 1974 805 2040 καλεῖται
829 1973 865 2040 δὲ
882 1973 935 2038 καὶ
949 1997 988 2038 το
979 1969 1109 2059 ῥέον’
1093 1996 1128 2037 εκ
1142 1972 1201 2060 τῆς
1215 1971 1339 2055 πέτρας

190 2070 314 2160 εκείνης
334 2063 408 2158 ύῖχρι
429 2077 484 2140 νῦν
506 2070 597 2159 παρὰ
618 2078 690 2152 τοῖς
713 2073 902 2159 ἐπιχωρίοις
924 2068 1064 2156 δάκρυον
1078 2072 1249 2155 Βνβλιδος.
1280 2073 1337 2140 oui

188 2179 296 2242 narrat
297 2177 361 2241 inni
384 2177 469 2242 aliud
492 2177 707 2242 testimonium
730 2196 791 2242 non
813 2177 1015 2259 suffragatur,
1047 2176 1129 2258 quod
1160 2175 1283 2257 saepius
1304 2176 1336 2239 in

188 2277 246 2342 hoc
269 2278 394 2343 anctore
416 2277 538 2342 fabulas
563 2279 602 2343 ad
622 2277 793 2343 ludibrium
815 2278 957 2343 variante
978 2277 1102 2342 accidit.
1145 2277 1229 2342 Nam
1246 2278 1337 2359 poeta

188 2379 358 2462 Romanus,
390 2399 409 2444 a
439 2398 499 2462 quo
523 2380 654 2443 Nonnus
687 2380 759 2458 stat,
793 2379 888 2462 fingit
918 2379 1063 2461 puellam,
1097 2397 1193 2460 quam
1220 2378 1337 2443 Naides

188 2480 454 2558 comminarentur,
487 2479 689 2544 lacrimarum
716 2479 784 2544 rivo
814 2480 960 2562 perpetuo
988 2478 1132 2562 gramina
1160 2480 1336 2544 umectante

189 2580 222 2644 in
244 2580 346 2662 ipsum
369 2579 485 2646 fontem
509 2599 638 2659 versam,
659 2574 730 2663 ‘qui
746 2599 828 2645 nunc
847 2598 970 2663 quoqne
984 2577 1119 2645 vallibus
1134 2578 1198 2644 illis
1213 2579 1334 2645 Nomen

189 2682 283 2746 habet
304 2680 447 2746 dominae
469 2681 620 2764 nigraque
643 2682 701 2745 sub
728 2681 799 2747 ilice
828 2670 952 2747 manat'
985 2682 1026 2761 (v.
1050 2681 1112 2744 663
1134 2681 1205 2762 οη).
1250 2679 1335 2760 Quae

189 2782 229 2848 ad
253 2781 404 2847 Nicandri
426 2781 520 2848 verba
544 2801 600 2848 nos
621 2785 730 2866 sponte
751 2783 894 2848 reiciunt.
922 2812 955 2827 ⁴-
980 2781 1121 2863 Deniquo
1145 2783 1181 2845 ut
1206 2781 1245 2846 ad
1271 2783 1336 2865 By-

189 2881 290 2948 blidos
311 2884 433 2948 natales
454 2885 587 2968 veniam,
620 2883 658 2949 de
685 2885 773 2966 patre
794 2883 903 2948 Mileto
932 2901 1096 2948 consensus
1125 2884 1185 2958 est;
1218 2882 1336 2947 dissen-

188 2984 274 3049 tiunt
299 2984 337 3049 de
366 2985 475 3062 matre,
510 3004 604 3067 quam
632 2984 763 3050 Ovidius
796 3004 824 3051 v.
846 2984 908 3048 452
931 3003 975 3068 sq.
1000 2982 1141 3066 Cyaneen
1175 2982 1336 3048 Maeandri

188 3085 287 3151 filiam
309 3086 361 3168 (ef
385 3087 604 3170 Mythograph
618 3087 690 3151 Vct.
714 3087 738 3162 l,
762 3086 848 3163 204),
871 3083 1027 3149 Nicander
1045 3083 1116 3148 Idot
1116 3084 1206 3148 bearn
1223 3082 1336 3166 Euryti

188 3189 301 3268 filiam,
337 3190 525 3254 Nicaenetns
549 3188 733 3271 Tragasiam
767 3188 893 3252 vocare.
938 3186 1044 3251 Proles
1066 3184 1178 3251 Ouidio
1211 3187 1283 3250 auct
1285 3204 1337 3250 cre

188 3311 218 3356 v.
241 3291 303 3355 453
324 3290 457 3374 gemella
479 3289 539 3371 est;
573 3289 655 3353 idem
677 3288 812 3352 testatur
834 3287 991 3352 Nicander
1021 3284 1120 3368 (δίδη
1121 3309 1165 3351 ναι
1190 3283 1337 3369 παῖδας),

189 3411 259 3456 cum
287 3410 347 3474 quo
381 3392 538 3474 practerea
569 3392 660 3473 poeta
680 3390 840 3454 Romanus
875 3388 1004 3454 mirifice
1036 3390 1173 3454 concinit
1206 3407 1336 3454 narrans

187 3511 216 3558 r.
239 3493 301 3557 447
325 3511 370 3574 sq.
392 3491 536 3557 Miletum
560 3491 651 3557 celeri
679 3491 785 3556 carina
807 3491 916 3574 sponte
938 3491 1046 3555 Minoa
1068 3489 1184 3572 fugisse
1212 3490 1337 3554 urbem-

290 3697 468 3752 ¹Terrarum
496 3696 610 3751 nomina
634 3696 746 3750 diversa
770 3699 843 3763 sunt,
871 3694 926 3749 nisi
948 3694 1058 3765 Cragon
1076 3692 1127 3748 0v.
1146 3693 1198 3748 646
1219 3695 1289 3748 latet
1307 3694 1337 3747 in

190 3782 304 3857 Κάπρος
321 3787 381 3841 Nic.
401 3805 427 3840 v.
447 3788 464 3838 7
470 3805 477 3855 ;
496 3785 530 3841 cf.
550 3785 678 3840 Meineke
698 3786 715 3838 l.
735 3785 753 3838 l.

289 3874 438 3929 'Nomina
461 3891 549 3943 aquae
571 3872 804 3944 significationem
827 3889 895 3942 prae
919 3890 948 3926 oe
972 3871 1082 3940 ferunt3
1109 3870 1143 3925 cf.
1163 3870 1262 3925 Rohde
1281 3871 1298 3924 l.
1318 3871 1337 3923 l.

189 3965 295 4019 Preller
307 3964 349 4018 Pl.
363 3963 410 4018 Gr.
424 3963 512 4032 Myth.
526 3964 553 4017 ΙΙ
566 3982 593 4033 p.
611 3965 660 4016 135
676 3962 741 4017 adn.
755 3966 780 4016 2.
794 3964 818 4015 3.
831 3992 862 4000 -
873 3960 1013 4014 Meineke:
1037 3963 1178 4032 Τραγασίη
1193 3959 1224 4012 δὲ
1236 3961 1337 4012 Kolar-

188 4055 250 4113 νοῦς
267 4059 356 4124 εἴχετο
375 4053 461 4106 παιδί.
487 4053 553 4107 (lod.
573 4053 632 4107 Pal.
651 4055 792 4110 refervere.
812 4053 846 4104 A.
861 4049 967 4104 Hecker
980 4049 1119 4118 Philolog.
1135 4048 1203 4102 leco
1220 4065 1247 4116 p.
1271 4048 1336 4100 415:

190 4147 348 4213 Τραγασίην
369 4142 398 4195 δὲ
414 4144 561 4201 Κελαινοῦς
579 4137 658 4211 ἤγετο
677 4141 775 4194 παῖδα.
798 4139 914 4194 Herob.:
936 4138 1090 4196 Κελαινοῦς.
1110 4136 1151 4191 uf.
1166 4136 1336 4206 Steph.Byz.
1428 4197 1440 4214 ⁵

188 4251 208 4286 e.
227 4252 252 4287 v.
274 4225 403 4298 Κύλβκος·
423 4226 505 4300 κρήνη
523 4236 628 4289 Λυκίας
646 4227 678 4298 ἢν
696 4233 741 4282 καὶ
755 4223 896 4282 Καλακνόκ
909 4245 987 4300 φασι.
1009 4228 1138 4282 Ceterum
1148 4227 1336 4297 Tragasaeum

188 4322 228 4376 sal
252 4320 363 4375 lectoria
388 4320 480 4375 animo
499 4320 658 4374 occursabit
676 4318 784 4389 (Stepb.
803 4317 868 4389 Byz.
887 4336 908 4372 e.
927 4337 953 4372 v.
977 4320 1135 4384 Τραγασαί;
1155 4314 1189 4370 cf.
1208 4314 1337 4368 Meineke

188 4412 207 4467 l.
225 4410 243 4464 l.
264 4409 401 4478 Epimetr.
423 4408 470 4478 ΙΙ).
