3154 5076
809 381 843 436 14

250 554 318 619 tota
350 554 426 621 haec
460 555 682 620 commentatio
710 557 852 622 servatae
883 556 1008 622 fabulae
1041 557 1131 639 quasi
1160 556 1258 622 solido
1290 555 1401 620 funda-

249 657 365 740 mento,
401 656 442 722 ad
474 657 556 739 quod
586 675 705 740 semper·
733 656 880 739 respiciat
903 693 940 702 -
964 675 1086 723 necesse
1108 659 1154 722 est
1175 659 1306 740 tangam
1330 658 1401 722 sub-

250 757 411 822 difficilem
431 757 496 822 eius
518 776 646 822 scaenae
668 758 964 839 interpretationem,
988 759 1021 823 in
1044 778 1105 841 qua
1127 758 1269 824 Phaedra
1292 759 1322 822 et
1342 777 1401 824 nu·

249 857 311 923 trix
342 859 424 923 inter
460 877 492 924 se
527 858 733 942 altercantur,
767 860 935 942 antequam
971 860 1046 924 haee
1079 859 1285 942 Hippolytum
1322 858 1398 923 adit.

249 960 351 1039 Viam,
381 979 442 1042 qna
471 959 730 1042 progrediendum
758 962 812 1038 est,
847 961 1056 1026 Wilamouitz
1082 961 1241 1043 ingeniose
1263 959 1400 1024 munivit

249 1063 356 1141 (Anal.
379 1062 452 1126 Eur.
475 1080 503 1143 p.
527 1062 589 1126 209
612 1059 689 1143 sq.):
718 1062 834 1126 Parum
863 1062 1041 1126 satisfacere
1064 1062 1221 1144 uolgarem
1250 1062 1399 1143 interpre-

248 1163 414 1227 tationem:
445 1163 601 1227 insontam
630 1181 694 1228 esse
723 1157 909 1244 Phaedram,
937 1163 1099 1226 convenire
1126 1164 1153 1227 ei
1176 1181 1246 1227 cum
1268 1162 1399 1240 nutrice,

249 1265 285 1326 ut
307 1263 531 1328 medicamento
553 1282 688 1328 amorem
712 1264 833 1345 pectore
854 1282 909 1328 suo
933 1263 1075 1345 expellat,
1106 1263 1205 1346 decipi
1227 1283 1245 1329 a
1268 1263 1398 1338 nutrice,

248 1365 364 1446 parire3
396 1364 492 1429 immo
514 1363 727 1446 περιπέτειαν
752 1364 909 1448 quandam
939 1364 972 1428 in
996 1363 1156 1430 Phaedrae
1176 1365 1313 1429 moribus
1343 1383 1398 1445 ap-

247 1467 457 1549 propinquare
478 1467 604 1549 poetam
625 1466 702 1532 satis
724 1466 829 1548 aperte
848 1464 995 1542 indicare,
1018 1464 1072 1546 qui
1087 1466 1244 1546 praeterea
1258 1465 1398 1530 divinam

247 1566 336 1632 illam
362 1585 520 1646 scaenam,
556 1585 619 1649 qua
641 1566 783 1632 Phaedra
804 1585 909 1632 amore
931 1565 1036 1631 saucia
1058 1583 1169 1630 nomen
1192 1567 1270 1644 eius,
1307 1585 1397 1648 quern

249 1667 378 1749 deperit,
412 1668 538 1746 fatetur,
572 1667 604 1732 in
628 1667 792 1752 Hippolyti
824 1667 963 1732 fabulam
990 1683 1052 1730 non
1074 1665 1258 1744 admisisset,
1281 1667 1341 1730 nisi
1363 1665 1399 1732 ut

248 1771 440 1852 proponeret,
474 1770 627 1852 quomodo
660 1769 772 1835 mulier
805 1771 914 1835 eontra
944 1769 1058 1834 amoris
1084 1769 1264 1834 violentiam
1286 1786 1397 1850 parum

248 1870 339 1935 fortis
360 1871 580 1953 pedetemptim
607 1873 637 1936 et
665 1872 755 1954 quasi
782 1891 835 1953 per
856 1871 972 1954 gradus
995 1871 1034 1935 ad
1057 1871 1146 1935 atrox
1168 1870 1289 1934 facinus
1311 1867 1399 1933 dola·

248 1972 380 2037 heretur.
405 2007 440 2016 —
466 1972 635 2052 Hactenus,
658 1972 711 2056 qui
734 1990 795 2036 non
819 1972 882 2036 stat
905 1990 923 2035 a
947 1971 1006 2035 viri
1029 1970 1146 2053 egregii
1161 1970 1310 2052 partibus
1333 1968 1398 2034 eius

186 2112 195 2132 .
247 2072 399 2138 iudicium
421 2074 454 2138 in
476 2091 596 2139 summo
621 2076 729 2157 poetae
754 2073 868 2156 tragici
890 2072 1023 2137 artifieio
1046 2071 1277 2164 interpretando
1292 2088 1400 2136 occae-

248 2175 354 2240 catum
377 2177 431 2240 est.
472 2175 624 2241 Attamen
645 2176 699 2240 ille
719 2177 751 2239 in
774 2173 905 2256 singulis
928 2173 1058 2237 ulterius
1080 2191 1259 2255 progressus
1281 2173 1397 2236 metam

249 2295 312 2343 non
342 2277 463 2360 attigit.
518 2277 678 2342 Audacem
709 2277 868 2358 praeterea
902 2273 1052 2338 medelam
1078 2293 1223 2338 versuum
1256 2272 1325 2337 sede
1347 2272 1398 2336 hic

247 2377 315 2442 illic
345 2377 496 2443 mutanda
530 2378 674 2444 adhibuit
701 2397 754 2459 per
776 2396 807 2441 se
829 2396 939 2459 parum
960 2376 1024 2440 veri
1045 2374 1188 2451 similem,
1213 2392 1282 2438 cnm
1305 2372 1397 2436 huius

247 2497 375 2542 scaenae
390 2479 528 2544 turbatio
552 2483 624 2544 ante
645 2480 744 2562 legem
767 2479 960 2562 Lycurgeam
985 2476 1137 2558 exipsius
1159 2474 1313 2539 sententia
1328 2473 1398 2538 orta

247 2577 451 2642 histrionibus
473 2577 666 2644 obtrudenda
689 2581 777 2656 esset,
815 2579 868 2661 qui
897 2580 953 2642 aut
979 2595 1139 2658 nunquam
1164 2575 1219 2639 aut
1240 2572 1397 2639 rarissimo

248 2697 393 2743 versuum
415 2679 552 2744 ordinem
573 2681 694 2745 mutare
715 2679 866 2755 solebant,
891 2679 927 2742 ut
950 2677 1092 2742 Wheeler
1115 2675 1148 2756 (l.
1170 2674 1192 2738 l.
1214 2693 1243 2756 p.
1265 2677 1319 2751 55)
1342 2673 1397 2738 ob-

248 2781 394 2846 servavit.
427 2780 514 2862 Nego
532 2780 642 2846 deinde
663 2783 744 2847 hanc
766 2779 908 2844 medendi
929 2780 1082 2844 rationem
1099 2776 1302 2842 necessariam
1316 2793 1396 2850 esse;

249 2883 395 2965 quocirca
425 2881 457 2946 in
493 2881 618 2966 singula
641 2882 733 2946 huius
756 2881 881 2947 fabulae
902 2882 1001 2963 partis
1023 2881 1112 2962 quasi
1135 2878 1323 2942 lineamenta
1349 2876 1397 2939 in·

249 2984 369 3067 quirere
391 3003 466 3066 opus
489 2985 544 3049 est.
570 3020 604 3029 —
632 2983 747 3048 Nutrix
769 3001 838 3047 erae
860 2982 1065 3064 cogitationes
1088 2981 1223 3045 amorte
1243 2978 1282 3042 ad
1297 2978 1396 3042 vitam

247 3103 391 3150 revocare
417 3085 447 3150 et
475 3086 669 3152 honestatem
698 3085 739 3150 ad
764 3085 863 3149 scelus
892 3084 1046 3148 declinare
1072 3080 1176 3146 studet
1201 3099 1227 3144 v.
1249 3081 1311 3143 433
1335 3097 1395 3161 sq.;

248 3186 421 3251 rationibus
436 3205 544 3268 nempe
560 3186 683 3264 fucatis,
706 3205 785 3269 quae
805 3186 966 3251 vilioribus
989 3182 1110 3247 naturis
1132 3200 1253 3263 semper
1274 3181 1396 3262 praesto

248 3288 334 3365 sunt,
362 3288 453 3369 urget
474 3287 642 3354 dominam.
686 3288 769 3352 Nam
797 3287 822 3351 si
854 3287 923 3368 quis
948 3284 1046 3350 amori
1068 3282 1240 3365 indulgeat,
1268 3280 1343 3364 quid
1362 3281 1396 3344 in

249 3406 283 3452 eo
305 3387 545 3470 vituperandum
569 3391 655 3452 esse?
706 3388 835 3452 Frustra
862 3387 997 3469 pugnari
1020 3386 1127 3449 eontra
1150 3383 1274 3448 Amoris
1297 3380 1397 3446 omni-

249 3488 383 3571 potentis
397 3489 471 3573 vim,
493 3489 543 3554 oui
565 3489 614 3553 dei
637 3489 697 3571 ipsi
720 3488 839 3552 cedant.
884 3486 1002 3567 Quibus
1017 3485 1191 3550 rationibus
1207 3503 1277 3549 cum
1292 3484 1395 3548 Phae·

249 3589 322 3654 drae
353 3589 453 3654 virtus
486 3608 548 3654 non
579 3589 758 3655 debilitetur
791 3625 832 3634 —-
865 3588 1039 3670 perseverat
1066 3587 1146 3652 enim
1174 3586 1207 3650 in
1229 3575 1403 3667 impudicis

249 3692 386 3757 consiliis
417 3691 579 3757 reiciendis
606 3712 634 3756 v.
654 3677 718 3757 486
739 3711 784 3774 aq.
820 3726 859 3736 -
893 3690 957 3754 iarn
982 3689 1078 3752 sentit
1107 3687 1212 3752 nutrix
1234 3705 1309 3770 opus
1332 3705 1396 3751 esse

249 3792 427 3858 distinctius
448 3793 544 3876 loqui.
588 3793 706 3859 Parata
727 3796 774 3858 est
794 3792 892 3875 igitur
915 3793 999 3856 recta
1020 3791 1072 3855 via
1096 3790 1136 3854 ad
1158 3789 1300 3853 iuvenem
1322 3805 1396 3851 con·

248 3895 374 3960 tendere
394 3895 482 3978 eique
497 3894 656 3960 Phaedrae
675 3913 813 3959 amorem
836 3893 1008 3975 patefacere
1031 3911 1059 3956 v.
1080 3890 1143 3954 490
1168 3909 1213 3972 sq.
1261 3889 1396 3952 Domina

247 3995 295 4063 ira
316 3997 487 4062 effervescit
508 4016 537 4061 r.
560 3997 622 4062 498
644 4015 704 4078 sq.‚
740 3995 846 4059 nutrix
869 3994 968 4060 denuo
990 3994 1090 4058 instat
1110 4012 1139 4056 v.
1162 3992 1224 4056 500
1244 4008 1303 4072 sq,
1327 3990 1396 4051 tum

249 4116 320 4162 uero
342 4097 484 4164 Phaedra
513 4096 574 4163 ‘ab
606 4097 671 4162 irae
702 4097 856 4162 caloribus
890 4097 929 4161 ad
963 4095 1078 4160 flebiles
1100 4111 1203 4176 preces
1228 4089 1393 4165 delabitur,

236 4199 390 4264 concedit
419 4200 499 4265 hona
526 4219 590 4264 esse
615 4201 746 4264 nutricis
767 4198 897 4264 consilia
919 4198 971 4262 aed
992 4195 1106 4277 turpia.
1150 4193 1269 4257 Tamen
1290 4191 1317 4255 si
1339 4190 1395 4274 illa

248 4301 316 4366 tarn
338 4302 413 4366 bene
431 4301 592 4366 defendere
614 4300 724 4381 pergat
743 4301 858 4381 turpia,
882 4299 982 4363 facere
1002 4315 1033 4360 se
1058 4313 1119 4358 non
1141 4312 1228 4375 posse
1250 4294 1325 4376 quin
1342 4290 1395 4366 eis,

249 4419 328 4486 quae
350 4419 433 4466 nuno
454 4402 566 4486 fugiat,
591 4420 624 4465 se
644 4401 756 4483 perimi
778 4387 941 4483 patiatur'.
985 4397 1036 4463 Sia
1059 4415 1129 4461 eum
1153 4391 1394 4460 Wilamowitaio
