3142 5074
788 383 825 436 '10

233 574 293 640 que
326 553 540 638 cognominem
574 552 607 618 in
635 551 713 618 Asin
747 548 936 626 condidisse;
971 569 1032 632 qua
1061 549 1099 615 de
1130 565 1164 613 rc
1194 549 1241 614 ite
1262 547 1381 614 Nican-

233 656 304 722 der:
335 649 411 720 τότε
439 650 555 731 νοκτδς
578 649 596 718 δ
621 652 772 738 Μίλητος
797 649 896 734 ἐμβὰς
917 641 1107 727 εἷς’ίίκατον
1127 649 1230 738 βουλῇ
1251 653 1382 733 Σαρπη-

233 751 330 833 δόνος
361 750 409 834 εἷς
434 755 563 840 Καρίαν
593 746 827 836 ἀποδιδράσκει
860 752 915 818 καὶ
947 747 1047 817 πόλιν
1081 751 1239 818 ἐπανθεῖ
1270 748 1382 827 κτίσας

234 856 385 942 Μίλητον
407 853 523 941 ἔγημεν
544 851 709 940 Εἶδοθέην
731 855 797 919 κτλ.
842 854 1007 920 Praefatus
1034 855 1139 920 autern
1162 854 1230 918 erat
1251 851 1381 918 Ouidius

233 959 366 1025 referens
388 979 417 1025 ν.
439 959 498 1024 441
524 977 570 1040 sq.
592 957 699 1023 Minoa
720 958 797 1021 tunc
817 955 994 1022 invalidum
1017 953 1212 1037 pertimuisse
1237 946 1381 1017 ‘Deioni-

232 1059 353 1142 denque
373 1059 520 1124 iurentae
534 1059 656 1124 Robore
672 1057 817 1123 Miletum
833 1057 1021 1138 Phoeboque
1043 1056 1170 1138 parente
1190 1042 1380 1136 superbum',

233 1178 325 1244 quom
347 1159 515 1224 secundum
538 1159 742 1240 Nicandrum,
770 1176 841 1223 curn
863 1157 991 1240 pulcher
1012 1165 1100 1239 esset,
1123 1152 1141 1218 δ
1165 1152 1281 1231 Μίνως
1299 1147 1381 1216 κατὰ

234 1254 369 1325 πόθονι
391 1258 542 1342 ἐνεχείρει
562 1253 743 1341 βιάζεσθαι.
787 1259 1010 1324 Aristocritum
1041 1258 1146 1322 autem
1167 1255 1205 1320 do
1225 1273 1260 1320 eo
1281 1254 1381 1320 tradi·

232 1361 438 1427 disteterunt
472 1361 590 1440 (Schol.
614 1360 717 1442 Apoll.
744 1359 841 1425 Rhod.
865 1360 890 1436 1,
915 1357 1005 1441 185);
1037 1357 1159 1422 τοῦτον
1189 1353 1225 1420 δὲ
1256 1352 1381 1436 ἄνδρα·

233 1460 336 1527 θέντα
357 1461 411 1527 καὶ
432 1455 665 1548 φθονούμενον
688 1455 758 1525 dud
783 1460 842 1524 τοῦ
866 1458 1004 1535 Μίνωος
1025 1449 1230 1544 ἀναχωρῆσαι
1256 1452 1302 1533 εἰς
1323 1449 1381 1542 τὴν

233 1563 342 1646 Σάμον
362 1562 428 1628 κτλ.
445 1599 484 1610 -
499 1563 707 1646 Apollodorus
729 1561 787 1641 111,
813 1562 874 1626 1.2
897 1561 1030 1643 denique
1050 1561 1132 1624 inter
1155 1559 1267 1624 liberos
1283 1559 1379 1623 ituro·

233 1667 342 1749 pacet
364 1664 537 1730 Asteriunis
565 1666 721 1729 certamen
750 1664 855 1728 ortum
885 1681 950 1727 esse
979 1661 1084 1743 prodit
1114 1661 1173 1726 hac
1205 1660 1242 1726 de
1273 1678 1381 1725 cause:

232 1757 361 1846 ἴσχουσι
388 1759 446 1850 γὰρ
469 1761 577 1848 ἔρωτα
604 1758 733 1843 παιδὸς,
767 1755 804 1841 ὃς
831 1761 977 1828 ἐκαλεῖτο
1003 1760 1151 1846 Μίλητος
1176 1797 1223 1826 -.
1257 1760 1317 1826 τοῦ
1345 1757 1381 1824 δὲ

233 1859 352 1942 παιδὸς
378 1861 464 1947 πρὸς
495 1858 692 1949 Σαρπηδόνα
717 1863 841 1946 μᾶλλον
869 1859 999 1939 οἰκείως
1027 1858 1160 1943 ἔχοντος
1192 1855 1381 1949 πολεμήσας

233 1964 351 2042 Μίνως
373 1964 600 2058 ἐπροτέρησεν.
633 1960 665 2030 ol
689 1963 725 2031 δὲ
748 1961 915 2052 φεύγουσι,
937 1963 992 2029 καί
1013 1962 1165 2048 Μίλητος
1188 1961 1248 2046 μὲν
1273 1963 1381 2050 Καρίᾳ

232 2062 406 2152 προςσχών
427 2068 493 2134 κτλ.
530 2069 674 2135 δαίονται
696 2069 733 2134 δε
748 2068 893 2152 Apolline
908 2068 1012 2133 Mileti
1034 2068 1122 2150 petre
1140 2065 1290 2131 omnibus
1306 2083 1382 2130 con·

233 2169 333 2245 renit3
355 2169 393 2234 de
407 2171 507 2236 matre
521 2170 596 2236 Aria
609 2170 798 2236 Aristocrito
813 2169 1004 2252 Apollodoro
1020 2167 1206 2233 scholiastae
1223 2166 1382 2231 Theocriti

234 2270 254 2336 l.
275 2271 297 2335 l.
321 2271 537 2354 lttymologico
561 2289 676 2354 magno
701 2270 738 2351 (s.
764 2291 792 2337 ν.
816 2269 992 2355 Μίλητος);
1014 2287 1095 2334 unus
1118 2268 1275 2335 Nicander
1300 2270 1381 2332 Aoe-

233 2371 347 2437 callide
369 2371 483 2436 Minois
505 2371 627 2438 filiem²
649 2391 716 2436 earn
739 2374 840 2451 uocet,
864 2391 944 2437 unus
965 2371 1096 2438 Ovidius
1119 2371 1265 2436 Deionen.
1282 2404 1319 2414 —
1335 2369 1380 2434 lla

232 2472 332 2556 igitur
352 2472 444 2551 ratio,
468 2491 561 2554 quem
582 2474 672 2555 poete
687 2473 847 2538 Romanus
869 2473 903 2538 iu
919 2473 1068 2557 Byblidos
1082 2473 1178 2555 stirpe
1191 2470 1380 2536 illustranda

232 2573 382 2656 sequitur,
405 2573 482 2638 satis
504 2575 610 2655 aperto
637 2574 822 2639 documento
845 2575 890 2639 est
912 2576 1088 2658 temporum
1110 2573 1262 2638 invidiam
1284 2571 1381 2653 scrip·

231 2674 362 2748 toribus,
386 2672 439 2755 qui
462 2675 594 2740 manime
615 2674 648 2739 in
672 2692 798 2740 censum
821 2675 958 2758 ueniant,
984 2694 1045 2740 non
1066 2675 1249 2757 pepercisse;
1271 2672 1381 2738 turbae

232 2774 329 2839 latere
350 2777 479 2857 possunt
510 2775 543 2839 in
572 2778 645 2852 τοῖς
671 2774 812 2856 πλείοσι,
841 2795 918 2858 quos
940 2776 1128 2847 Parthenius
1157 2775 1276 2841 laudat.
1320 2771 1381 2838 Sed

232 2893 353 2940 neccsse
374 2877 440 2940 erat
462 2876 587 2942 firmum
610 2880 641 2942 et
663 2878 776 2942 stabile
802 2877 1039 2943 fundamentum
1066 2877 1175 2954 iacere,
1209 2895 1247 2941 ne
1275 2874 1382 2940 herio·

233 2975 369 3040 leremur
392 2976 424 3040 in
447 2979 535 3043 venis
551 2979 728 3046 nominibus
752 2978 944 3060 quaerendis.
988 2977 1129 3056 Interim,
1152 2976 1234 3059 quod
1251 2975 1381 3041 Ouidius

231 3075 265 3141 in
285 3077 417 3160 singulis
437 3096 508 3144 cum
529 3080 588 3144 hoc
609 3081 665 3145 eut
687 3081 743 3146 illo
765 3080 892 3146 auctore
915 3063 1070 3163 congruit,
1096 3079 1128 3144 id
1150 3079 1236 3145 lauet
1257 3080 1381 3144 conclu·

232 3178 319 3244 denti
346 3198 415 3245 eum
445 3199 479 3245 er
501 3180 780 3247 Alexandrinorum
811 3181 945 3246 hortulis
976 3181 1050 3246 hinc
1078 3180 1166 3245 illinc
1193 3179 1282 3246 flores
1312 3200 1382 3246 car-

232 3280 337 3364 psisse,
361 3300 439 3363 quae
461 3284 528 3347 erat
551 3283 615 3347 eius
638 3283 836 3349 consuetudo.

332 3383 382 3448 Ad
405 3383 537 3448 certiore
558 3384 658 3449 venio.
695 3384 779 3449 Nam
801 3383 867 3450 fore
890 3384 1021 3467 confido,
1043 3386 1079 3448 ut
1094 3383 1265 3466 scrupulus,
1289 3383 1316 3447 si
1330 3383 1381 3448 cui

232 3485 336 3548 forsan
358 3483 396 3548 de
418 3483 577 3567 Euripidis
597 3485 738 3568 uestigiis
760 3485 793 3549 in
816 3484 965 3568 Byblidos
986 3483 1093 3550 fabula
1124 3484 1279 3564 resederit,
1309 3485 1381 3548 fun-

232 3583 317 3648 ditus
344 3583 485 3665 tolletur,
521 3585 574 3650 ubi
603 3586 681 3650 talia
707 3586 809 3668 magis
837 3605 977 3668 expressa
1001 3588 1096 3651 etiarn
1121 3587 1154 3650 in
1176 3585 1272 3650 simili
1294 3585 1380 3670 Myr-

234 3685 309 3749 rhae
336 3685 443 3751 fabulo
471 3685 622 3769 detexero,
654 3705 748 3769 quarn
772 3686 904 3752 Ovidius
925 3689 1070 3770 sequente
1091 3687 1380 3771 Metamorphoseon

337 3969 346 4000 ¹
365 3969 517 4040 Verheykii
537 3973 697 4028 coniectura
716 3970 784 4026 κατὰ
803 3970 922 4046 φθόνον,
942 3976 1017 4045 quod
1030 3976 1146 4031 verbum
1159 3976 1301 4030 invenitur
1312 3978 1378 4028 Ant

232 4058 327 4113 Liber.
341 4059 482 4125 XXXVII,
504 4062 597 4117 nescio
610 4079 646 4116 en
659 4062 844 4131 improbanda
856 4064 901 4119 sit.
929 4063 1000 4118 Nam
1018 4065 1177 4118 testimonia
1196 4082 1280 4134 supra
1293 4065 1379 4118 allata

233 4147 405 4203 examinanti
428 4150 457 4202 in
476 4153 623 4218 utramque
644 4154 753 4219 partem
773 4157 939 4222 argumenta
958 4158 1112 4208 occurrent.
1149 4153 1248 4221 ltaque
1266 4152 1379 4207 interim

232 4236 358 4291 codicum
376 4237 544 4307 scripturam
562 4242 650 4293 tueor.

335 4326 345 4358 ²
364 4325 459 4380 Alium
477 4326 566 4380 filium
586 4345 618 4382 ex
637 4326 733 4382 eadem
752 4345 814 4383 eum
832 4330 963 4399 Apolline
982 4335 1161 4400 procreatum
1180 4333 1379 4386 commemorat

232 4412 398 4482 Apollonius
417 4413 542 4468 Rhodius
561 4415 607 4479 1v,
629 4418 711 4486 1494;
730 4417 765 4472 cf.
786 4417 877 4474 Schol.
