3142 5074
755 375 790 431 93

302 551 370 617 Iam
399 551 498 636 igitur
521 551 671 616 alacriore
698 550 801 617 animo
825 549 992 633 lluripidis,
1027 549 1080 632 qui
1113 568 1145 614 se
1173 548 1207 613 in
1228 547 1349 631 Hippo·

201 653 276 736 lytis
298 653 401 718 vexati
422 652 520 718 animi
543 653 621 717 mire
642 671 776 734 gnarum
797 652 964 736 praestitit,
986 649 1120 732 vestigia
1135 649 1229 714 altius
1248 668 1350 732 perse-

202 772 331 837 quemur
363 754 394 817 et
424 753 619 818 rimabimur.
673 752 821 835 Prospere
851 771 923 818 vero
937 832 943 840 Ι
956 752 1079 831 accidit,
1114 750 1196 834 quod
1225 750 1258 814 in
1289 751 1349 816 hac

202 855 383 937 quaestione
403 853 443 919 ad
458 873 555 918 unum
575 853 698 937 quidem
714 855 871 920 servatum
887 854 1009 936 poetam
1023 850 1264 918 Alexandrinum
1279 870 1349 933 pro·

201 975 312 1023 vocare
333 956 423 1032 licet;
456 955 655 1021 Theocritum
678 955 756 1038 dico,
786 955 894 1038 quiin
919 954 1022 1038 lepida
1044 953 1221 1020 Simaethae
1241 954 1348 1022 fabula

203 1057 263 1138 (ld.
287 1057 333 1138 ΙΙ)
355 1055 479 1122 Amoris
500 1057 564 1122 tela
587 1056 773 1139 praecordiis
799 1055 893 1121 infixa
922 1056 1081 1121 haerentia
1112 1057 1177 1120 tam
1212 1055 1350 1120 suaviter

202 1141 268 1224 tam
290 1157 475 1240 simpliciter
496 1158 562 1222 tarn
585 1157 693 1223 nativa
716 1158 784 1224 arte
805 1157 955 1237 cantavit,
979 1177 1072 1240 quam
1095 1157 1197 1221 nescio
1214 1176 1253 1222 an
1269 1175 1348 1222 nun·

203 1279 297 1342 quam
325 1259 420 1324 ullius
448 1259 552 1342 gentis
578 1259 668 1340 poeta
684 1260 702 1323 ¹.
752 1259 790 1322 In
819 1259 925 1323 Lunae
957 1259 1061 1324 autem
1090 1259 1285 1325 invocatione
1318 1259 1349 1325 et

201 1359 389 1442 philtrorum
411 1359 564 1442 apparatu
591 1361 771 1426 memoriam
795 1359 954 1425 Phaedrae
986 1360 1118 1440 subesse,
1154 1380 1232 1445 quae
1253 1361 1346 1426 etiam

201 1461 234 1524 in
256 1461 380 1526 scholiis
403 1459 445 1544 (v.
471 1462 522 1541 10)
546 1460 704 1544 laudatur,
737 1479 867 1543 pronum
891 1462 937 1525 est
959 1461 1139 1543 coniectare,
1173 1463 1248 1528 licet
1269 1462 1349 1528 alter

203 1563 312 1628 auctor
323 1561 486 1627 Theocrito
498 1562 573 1627 haec
593 1563 775 1628 ornamenta
798 1563 975 1628 submiserit
987 1565 1008 1628 2.
1026 1600 1060 1610 -
1075 1564 1235 1645 Quomodo
1249 1564 1349 1647 igitur

202 1844 342 1904 κάνταῦθα
358 1851 466 1920 ἐγένετο
480 1847 590 1922 ἀφανὴς
603 1855 648 1904 καὶ
669 1846 821 1923 ὠνόμασαν
836 1847 920 1918 αὐτὴν
939 1847 1060 1924 Ἄφαιαν.
1085 1855 1112 1908 A
1131 1853 1300 1908 Callimacho
1319 1853 1349 1906 in

191 1956 236 2012 ‘ao
254 1939 369 2008 recedit,
387 1941 463 2010 quod
480 1941 666 1996 Britomartin
684 1941 841 2012 confugisse
860 1943 950 1997 tradit
968 1943 1004 1996 ad
1022 1943 1182 2012 piscatores,
1214 1944 1262 2012 qui
1287 1961 1347 1998 eam

203 2029 309 2082 retibus
328 2031 513 2098 occultarent;
533 2027 617 2100 quani
635 2031 827 2085 narrationem
845 2031 984 2085 Diodorus
996 2031 1030 2094 V,
1049 2033 1083 2084 76
1102 2031 1230 2086 refellere
1247 2033 1349 2088 studet.

203 2117 303 2172 Matris
329 2109 430 2172 nornen
453 2115 576 2174 ‘Carme'
607 2123 748 2174 testantur
772 2121 931 2174 Antoninus
956 2119 1093 2174 Liberalis
1115 2119 1266 2174 Pausanias
1284 2121 1350 2175 Dio·

204 2205 289 2260 dorus
307 2207 326 2260 1.
344 2207 363 2260 l.

303 2297 313 2328 ¹
331 2295 473 2349 Romanus
491 2295 676 2365 paraphrasin
688 2296 828 2369 Vergilius
849 2297 926 2368 (Bne.
938 2297 1010 2359 VIII,
1030 2299 1065 2352 64
1078 2301 1129 2367 sq.)
1148 2297 1270 2352 nativam
1286 2297 1350 2350 sim·

202 2382 358 2452 plicitatem
377 2384 406 2436 in
426 2384 613 2454 descriptione
632 2385 733 2439 amoris
758 2386 859 2440 sensim
885 2387 969 2442 altius
993 2390 1077 2455 atque
1102 2386 1186 2440 latius
1212 2385 1348 2456 serpentis

203 2471 285 2541 plane
304 2473 465 2543 suppressit.

304 2561 314 2593 ²
334 2560 375 2615 cf.
394 2559 484 2614 Schol.
502 2579 529 2615 v.
549 2563 596 2615 69:
616 2559 686 2632 πρὸς
703 2559 753 2627 τὴν
771 2555 894 2628 Σελήνην
909 2565 956 2615 καὶ
973 2559 1022 2630 τὴν
1032 2557 1145 2630 Ἑκάτην
1157 2569 1235 2636 φησί.
1254 2557 1350 2623 ταύτας

201 2645 255 2719 γάρ
275 2646 421 2718 συνεργοὺς
442 2653 480 2708 εἰς
498 2647 547 2716 τὴν
567 2652 630 2718 περὶ
651 2649 793 2720 ἐρωμένου
811 2655 990 2722 φαρμακείαν
1008 2646 1230 2723 παραλαμβάνει·
1250 2648 1299 2719 τὴν
1318 2651 1350 2705 ci

201 2736 257 2792 τῶν
275 2739 458 2810 φαρμακειῶν
477 2731 613 2791 ὑπόθεσιν
632 2738 662 2791 ἐκ
687 2739 742 2792 τῶν
760 2733 916 2810 Σώφρονος
932 2744 1030 2810 μίμων
1047 2745 1205 2811 μεταφέρει.
1228 2771 1256 2779 -
1279 2761 1351 2813 φαρ-

202 2826 325 2898 μακειῶν
343 2845 413 2882 corr.
433 2827 538 2895 Adert3
562 2827 622 2881 cod.
643 2823 889 2899 pappenberch.)
908 2824 997 2881 ‘haud
1016 2829 1100 2882 dubie
1118 2847 1170 2898 pro
1190 2847 1351 2900 φαρμακευ-

202 2911 304 2984 rpruiv’,
334 2921 366 2971 ut
389 2917 520 2970 Duebner
551 2916 674 2970 adnotat.
721 2916 790 2970 Inde
819 2934 952 2986 perversa
980 2917 1075 2986 opinio
1102 2922 1165 2970 orta
1193 2921 1235 2971 ast
1262 2918 1350 2973 Theo-

204 3005 306 3058 critum
324 3009 416 3060 totum
434 3005 552 3060 alterius
571 3005 701 3059 carminis
716 3002 911 3076 argumentum
925 3025 941 3059 a
956 3004 1100 3074 Sophrona
1112 3010 1272 3060 mutuatum
1285 3024 1352 3062 esse.

203 3093 243 3146 At
262 3094 428 3148 scholiastae
447 3093 541 3162 verba,
561 3094 585 3147 si
602 3093 643 3148 ita
661 3093 873 3164 intelleguntur,
893 3094 922 3147 in
940 3093 1034 3148 medio
1054 3096 1254 3150 commentario
1273 3114 1354 3173 naco-

203 3181 301 3252 pinato
320 3183 491 3253 interspersa
511 3182 587 3236 haud
605 3182 661 3237 levi
680 3183 827 3237 offensioni
846 3187 920 3236 sunt.
959 3183 1040 3237 Adde
1059 3183 1134 3252 quod
1157 3185 1354 3254 praecedentia

205 3269 302 3323 scholii
331 3271 416 3324 varba
435 3273 598 3340 neutiquam
617 3270 683 3326 huic
707 3271 935 3340 interpretationi
958 3270 1063 3324 favent.
1102 3271 1238 3339 Quocirca
1265 3275 1353 3343 perti·

205 3358 313 3412 naciter
331 3377 458 3413 assevero
468 3361 606 3414 Adertum
626 3361 780 3414 rectissime
799 3359 907 3430 legisse,
926 3377 961 3412 ne
981 3360 1073 3414 dicam
1089 3361 1260 3430 emendasse;
1280 3363 1354 3416 unde

206 3447 340 3501 nimirum
359 3447 499 3515 discimus,
518 3449 593 3517 quod
612 3449 693 3503 unice
711 3449 747 3502 ad
766 3467 826 3504 rem
845 3447 1087 3503 accommodatum
1102 3454 1152 3513 est,
1175 3449 1355 3505 Theocritum

208 3533 349 3604 inpriore
368 3536 499 3592 carminis
518 3541 600 3607 parte
619 3542 816 3607 argumentum
834 3539 851 3591 i.
872 3555 894 3591 e.
915 3541 1084 3606 apparatum
1106 3555 1248 3592 sacrorum
1268 3533 1354 3608 magi·

208 3641 303 3678 corum
323 3643 339 3679 a
357 3626 474 3680 muliere
493 3630 603 3681 amante
617 3625 722 3680 factum
735 3644 751 3680 a
763 3625 909 3694 Sophrona
925 3625 1103 3694 repetivisse,
1113 3627 1228 3680 minime
1241 3627 1354 3696 quidem

208 3711 362 3784 integrum:
381 3712 431 3779 τὴν
452 3714 483 3767 δὲ
504 3710 653 3768 ascribes
674 3713 688 3768 ὁ
710 3709 852 3784 Θεόκριτος
871 3709 1057 3784 ἀπειροκάλως
1080 3715 1110 3768 ἐκ
1130 3717 1185 3769 τῶν
1201 3711 1355 3788 Σώφρονος

207 3797 356 3872 μετήνεγκε
368 3808 479 3874 Μλμων
496 3803 598 3873 (Schol.
619 3803 658 3857 ld.
678 3803 705 3857 II
725 3803 811 3874 Arg).
848 3803 919 3858 Nam
938 3804 980 3857 rei
999 3810 1100 3858 natura
1119 3802 1184 3872 fert,
1203 3809 1235 3858 ut
1253 3804 1355 3859 ancilla

209 3890 238 3943 in
263 3908 362 3946 scaena
385 3910 442 3946 non
467 3897 545 3946 muta
570 3909 690 3962 persona
715 3892 811 3961 fuerit,
840 3896 872 3947 ut
899 3893 954 3945 iam
979 3891 1087 3946 Botzon
1113 3891 1273 3947 observavit
1302 3893 1355 3962 (De

208 3977 344 4050 Sophron.
364 3985 392 4034 et
410 3980 548 4034 Xenarch.
566 3981 697 4051 Mimogr.
718 3981 817 4050 Gymn.
837 3980 934 4050 Progr.
953 3979 1029 4048 Lych
1050 3980 1124 4034 1856.
1143 3999 1171 4050 p.
1191 3983 1215 4035 8.
1234 3983 1284 4050 2.);
1302 3982 1356 4036 hoc

209 4067 340 4124 discrima
358 4069 501 4142 Theocriti
521 4087 632 4124 carmen
655 4087 754 4125 revera
772 4069 865 4123 minus
889 4069 1018 4123 limatum
1044 4069 1161 4123 exstitit.
1188 4099 1223 4108 —
1252 4069 1355 4124 Contra

209 4156 291 4210 alteri
310 4157 442 4212 carminis
461 4157 547 4226 parti,
568 4158 597 4210 in
617 4174 672 4225 qua
690 4157 785 4211 fabula
806 4157 943 4211 amatoria
961 4157 1035 4210 nude
1053 4161 1208 4224 enarratur,
1228 4174 1288 4211 cum
1307 4156 1354 4211 So-

207 4243 315 4313 phrona
332 4245 528 4315 mimographo
546 4251 631 4315 poeta
650 4247 775 4301 scaenico
794 4245 866 4298 nihil
889 4249 931 4299 est
954 4262 1107 4298 commune.
1132 4245 1257 4322 Dindorf
1267 4245 1355 4317 igitur

208 4333 247 4401 (p.
272 4334 333 4401 124)
365 4334 460 4387 omnia
489 4351 600 4387 sursum
625 4333 755 4387 deorsum
783 4333 907 4388 versavit
936 4337 1001 4402 poet
1022 4329 1208 4402 ἀπειροκάλως
1234 4333 1356 4387 inserens

210 4425 381 4492 προςέθηκεν
398 4417 445 4481 οἷς.
484 4422 613 4476 Ceterum
637 4421 713 4476 haud
737 4422 794 4477 scio
817 4439 853 4476 an
877 4421 998 4476 alterum
1021 4421 1094 4475 illud
1112 4421 1237 4477 scholion
1256 4421 1293 4492 (v.
1312 4421 1357 4490 69)
