<?xml version="1.0" encoding="UTF-8"?>
<!DOCTYPE html PUBLIC "-//W3C//DTD XHTML 1.0 Transitional//EN"
    "http://www.w3.org/TR/xhtml1/DTD/xhtml1-transitional.dtd">
<html xmlns="http://www.w3.org/1999/xhtml" xml:lang="en" lang="en">
 <head>
  <title>
</title>
<meta http-equiv="Content-Type" content="text/html;charset=utf-8" />
  <meta name='ocr-system' content='tesseract 3.04.00' />
  <meta name='ocr-capabilities' content='ocr_page ocr_carea ocr_par ocr_line ocrx_word'/>
</head>
<body>
  <div class='ocr_page' id='page_1' title='image "./dehippolytiseur00kalkgoog_0131.png"; bbox 0 0 3142 5074; ppageno 0'>
   <div class='ocr_carea' id='block_1_1' title="bbox 766 349 817 402">
    <p class='ocr_par' dir='ltr' id='par_1_1' title="bbox 766 349 817 402">
     <span class='ocr_line' id='line_1_1' title="bbox 766 349 817 402; baseline 0 -1"><span class='ocrx_word' id='word_1_1' title='bbox 766 349 817 402; x_wconf 84' lang='lat'>120</span> 
     </span>
    </p>
   </div>
   <div class='ocr_carea' id='block_1_2' title="bbox 213 521 1364 809">
    <p class='ocr_par' dir='ltr' id='par_1_2' title="bbox 213 521 1364 809">
     <span class='ocr_line' id='line_1_2' title="bbox 214 521 1363 606; baseline -0.001 -19"><span class='ocrx_word' id='word_1_2' title='bbox 214 524 314 588; x_wconf 84' lang='lat' dir='ltr'><strong>herois</strong></span> <span class='ocrx_word' id='word_1_3' title='bbox 339 523 600 606; x_wconf 88' lang='lat' dir='ltr'>pulchritudinem</span> <span class='ocrx_word' id='word_1_4' title='bbox 627 523 674 588; x_wconf 87' lang='lat' dir='ltr'>ita</span> <span class='ocrx_word' id='word_1_5' title='bbox 701 522 893 605; x_wconf 86' lang='lat' dir='ltr'>amplificata</span> <span class='ocrx_word' id='word_1_6' title='bbox 921 521 1017 588; x_wconf 84' lang='lat' dir='ltr'>fuisse</span> <span class='ocrx_word' id='word_1_7' title='bbox 1043 523 1175 606; x_wconf 90' lang='lat' dir='ltr'>videtur,</span> <span class='ocrx_word' id='word_1_8' title='bbox 1210 524 1245 587; x_wconf 91' lang='lat' dir='ltr'>ut</span> <span class='ocrx_word' id='word_1_9' title='bbox 1272 523 1363 605; x_wconf 91' lang='lat' dir='ltr'>prata</span> 
     </span>
     <span class='ocr_line' id='line_1_3' title="bbox 213 622 1364 708; baseline -0.001 -20"><span class='ocrx_word' id='word_1_10' title='bbox 213 628 364 708; x_wconf 89' lang='lat' dir='ltr'>tanquam</span> <span class='ocrx_word' id='word_1_11' title='bbox 387 625 534 690; x_wconf 89' lang='lat' dir='ltr'>maeroris</span> <span class='ocrx_word' id='word_1_12' title='bbox 556 626 628 690; x_wconf 89' lang='lat' dir='ltr'>tabe</span> <span class='ocrx_word' id='word_1_13' title='bbox 658 623 798 689; x_wconf 87' lang='lat' dir='ltr'>confecta</span> <span class='ocrx_word' id='word_1_14' title='bbox 826 642 1012 690; x_wconf 74' lang='lat' dir='ltr'>marcescere</span> <span class='ocrx_word' id='word_1_15' title='bbox 1038 624 1227 699; x_wconf 83' lang='lat' dir='ltr'>dicerentur3</span> <span class='ocrx_word' id='word_1_16' title='bbox 1257 622 1364 706; x_wconf 88' lang='lat' dir='ltr'>qualia</span> 
     </span>
     <span class='ocr_line' id='line_1_4' title="bbox 213 721 1361 809; baseline -0.004 -19"><span class='ocrx_word' id='word_1_17' title='bbox 213 726 322 790; x_wconf 84' lang='lat' dir='ltr'>Bionis</span> <span class='ocrx_word' id='word_1_18' title='bbox 356 725 525 808; x_wconf 86' lang='lat' dir='ltr'>discipulus</span> <span class='ocrx_word' id='word_1_19' title='bbox 559 726 644 790; x_wconf 90' lang='lat' dir='ltr'>canit</span> <span class='ocrx_word' id='word_1_20' title='bbox 677 725 791 790; x_wconf 90' lang='lat' dir='ltr'>Mosch.</span> <span class='ocrx_word' id='word_1_21' title='bbox 824 725 870 788; x_wconf 84' lang='lat' dir='ltr'>id.</span> <span class='ocrx_word' id='word_1_22' title='bbox 902 725 962 805; x_wconf 91' lang='lat' dir='ltr'>III,</span> <span class='ocrx_word' id='word_1_23' title='bbox 996 727 1035 789; x_wconf 88' lang='grc'>31</span> <span class='ocrx_word' id='word_1_24' title='bbox 1069 744 1129 807; x_wconf 91' lang='lat' dir='ltr'>sq.:</span> <span class='ocrx_word' id='word_1_25' title='bbox 1166 725 1214 809; x_wconf 70' lang='grc' dir='ltr'>σῷ</span> <span class='ocrx_word' id='word_1_26' title='bbox 1249 724 1276 788; x_wconf 83' lang='grc' dir='ltr'>δ’</span> <span class='ocrx_word' id='word_1_27' title='bbox 1310 721 1361 788; x_wconf 76' lang='grc' dir='ltr'>ἐπ’</span> 
     </span>
    </p>
   </div>
   <div class='ocr_carea' id='block_1_3' title="bbox 214 813 1365 910">
    <p class='ocr_par' dir='ltr' id='par_1_3' title="bbox 214 813 1365 910">
     <span class='ocr_line' id='line_1_5' title="bbox 214 813 1365 910; baseline -0.003 -21"><span class='ocrx_word' id='word_1_28' title='bbox 214 823 344 910; x_wconf 71' lang='grc' dir='ltr'><strong><em>ὀλέθρῳ</em></strong></span> <span class='ocrx_word' id='word_1_29' title='bbox 375 824 379 908; x_wconf 85' lang='grc' dir='ltr'><strong>Ι</strong></span> <span class='ocrx_word' id='word_1_30' title='bbox 409 823 542 906; x_wconf 79' lang='grc' dir='ltr'><em>δένδρεα</em></span> <span class='ocrx_word' id='word_1_31' title='bbox 574 821 702 905; x_wconf 71' lang='grc' dir='ltr'><strong><em>καρπὸν</em></strong></span> <span class='ocrx_word' id='word_1_32' title='bbox 736 820 844 908; x_wconf 62' lang='lat' dir='ltr'>ibide,</span> <span class='ocrx_word' id='word_1_33' title='bbox 885 822 925 887; x_wconf 80' lang='grc' dir='ltr'>τὰ</span> <span class='ocrx_word' id='word_1_34' title='bbox 955 823 982 890; x_wconf 90' lang='lat' dir='ltr'>d&#39;</span> <span class='ocrx_word' id='word_1_35' title='bbox 1017 813 1122 888; x_wconf 70' lang='lat' dir='ltr'>dudae</span> <span class='ocrx_word' id='word_1_36' title='bbox 1159 817 1252 886; x_wconf 79' lang='grc' dir='ltr'><strong><em>πάντ’</em></strong></span> <span class='ocrx_word' id='word_1_37' title='bbox 1288 820 1365 904; x_wconf 78' lang='grc' dir='ltr'><em>ἐμα-</em></span> 
     </span>
    </p>
   </div>
   <div class='ocr_carea' id='block_1_4' title="bbox 214 921 1372 1010">
    <p class='ocr_par' dir='ltr' id='par_1_4' title="bbox 214 921 1372 1010">
     <span class='ocr_line' id='line_1_6' title="bbox 214 921 1372 1010; baseline -0.001 -22"><span class='ocrx_word' id='word_1_38' title='bbox 214 921 348 1010; x_wconf 67' lang='grc' dir='ltr'>ράνθηῐ.</span> <span class='ocrx_word' id='word_1_39' title='bbox 381 923 526 1009; x_wconf 81' lang='lat' dir='ltr'>Sophiste</span> <span class='ocrx_word' id='word_1_40' title='bbox 549 925 708 1008; x_wconf 82' lang='lat' dir='ltr'>quideme</span> <span class='ocrx_word' id='word_1_41' title='bbox 731 926 907 1004; x_wconf 79' lang='lat' dir='ltr'>Toeltrenm,</span> <span class='ocrx_word' id='word_1_42' title='bbox 931 926 985 1008; x_wconf 92' lang='lat' dir='ltr'>qui</span> <span class='ocrx_word' id='word_1_43' title='bbox 1007 926 1082 991; x_wconf 91' lang='lat' dir='ltr'>huic</span> <span class='ocrx_word' id='word_1_44' title='bbox 1105 925 1171 992; x_wconf 91' lang='lat' dir='ltr'>loco</span> <span class='ocrx_word' id='word_1_45' title='bbox 1192 925 1372 990; x_wconf 90' lang='lat' dir='ltr'>marcentia</span> 
     </span>
    </p>
   </div>
   <div class='ocr_carea' id='block_1_5' title="bbox 213 1025 1367 2923">
    <p class='ocr_par' dir='ltr' id='par_1_5' title="bbox 213 1025 1367 2923">
     <span class='ocr_line' id='line_1_7' title="bbox 213 1025 1364 1109; baseline -0.003 -17"><span class='ocrx_word' id='word_1_46' title='bbox 213 1029 305 1106; x_wconf 80' lang='lat' dir='ltr'>serta,</span> <span class='ocrx_word' id='word_1_47' title='bbox 334 1046 413 1109; x_wconf 92' lang='lat' dir='ltr'>quae</span> <span class='ocrx_word' id='word_1_48' title='bbox 435 1027 521 1108; x_wconf 90' lang='lat' dir='ltr'>pueri</span> <span class='ocrx_word' id='word_1_49' title='bbox 545 1026 697 1108; x_wconf 79' lang='lat' dir='ltr'>capitibus</span> <span class='ocrx_word' id='word_1_50' title='bbox 727 1026 904 1103; x_wconf 78' lang='lat' dir='ltr'>detrahant,</span> <span class='ocrx_word' id='word_1_51' title='bbox 931 1026 1090 1103; x_wconf 71' lang='lat' dir='ltr'>subiecit2,</span> <span class='ocrx_word' id='word_1_52' title='bbox 1114 1026 1230 1091; x_wconf 86' lang='lat' dir='ltr'>discere</span> <span class='ocrx_word' id='word_1_53' title='bbox 1251 1025 1364 1108; x_wconf 82' lang='lat' dir='ltr'>potuit,</span> 
     </span>
     <span class='ocr_line' id='line_1_8' title="bbox 215 1125 1365 1211; baseline -0.003 -19"><span class='ocrx_word' id='word_1_54' title='bbox 215 1148 276 1211; x_wconf 89' lang='lat' dir='ltr'>qua</span> <span class='ocrx_word' id='word_1_55' title='bbox 297 1129 360 1192; x_wconf 89' lang='lat' dir='ltr'>fere</span> <span class='ocrx_word' id='word_1_56' title='bbox 382 1128 503 1194; x_wconf 88' lang='lat' dir='ltr'>ratione</span> <span class='ocrx_word' id='word_1_57' title='bbox 529 1127 745 1192; x_wconf 88' lang='lat' dir='ltr'>commenticia</span> <span class='ocrx_word' id='word_1_58' title='bbox 768 1127 873 1209; x_wconf 85' lang='lat' dir='ltr'>imago</span> <span class='ocrx_word' id='word_1_59' title='bbox 896 1127 1033 1208; x_wconf 82' lang='lat' dir='ltr'>perfecta</span> <span class='ocrx_word' id='word_1_60' title='bbox 1057 1128 1244 1194; x_wconf 73' lang='lat' dir='ltr'>redderetur.</span> <span class='ocrx_word' id='word_1_61' title='bbox 1282 1125 1365 1190; x_wconf 90' lang='lat' dir='ltr'>Nam</span> 
     </span>
     <span class='ocr_line' id='line_1_9' title="bbox 215 1226 1366 1310; baseline -0.003 -18"><span class='ocrx_word' id='word_1_62' title='bbox 215 1228 360 1310; x_wconf 82' lang='lat' dir='ltr'>quiscat,</span> <span class='ocrx_word' id='word_1_63' title='bbox 393 1227 468 1309; x_wconf 91' lang='lat' dir='ltr'>quin</span> <span class='ocrx_word' id='word_1_64' title='bbox 491 1227 655 1309; x_wconf 89' lang='lat' dir='ltr'>intellegat</span> <span class='ocrx_word' id='word_1_65' title='bbox 677 1227 858 1309; x_wconf 88' lang='lat' dir='ltr'>sophistam,</span> <span class='ocrx_word' id='word_1_66' title='bbox 895 1245 964 1290; x_wconf 90' lang='lat' dir='ltr'>cum</span> <span class='ocrx_word' id='word_1_67' title='bbox 987 1247 1132 1308; x_wconf 88' lang='lat' dir='ltr'>personas</span> <span class='ocrx_word' id='word_1_68' title='bbox 1154 1228 1294 1310; x_wconf 85' lang='lat' dir='ltr'>fingeret,</span> <span class='ocrx_word' id='word_1_69' title='bbox 1316 1226 1366 1290; x_wconf 91' lang='lat' dir='ltr'>in·</span> 
     </span>
     <span class='ocr_line' id='line_1_10' title="bbox 214 1325 1365 1411; baseline -0.003 -17"><span class='ocrx_word' id='word_1_70' title='bbox 214 1330 282 1411; x_wconf 89' lang='lat' dir='ltr'>opto</span> <span class='ocrx_word' id='word_1_71' title='bbox 298 1347 434 1392; x_wconf 88' lang='lat' dir='ltr'>servasse</span> <span class='ocrx_word' id='word_1_72' title='bbox 457 1327 638 1410; x_wconf 82' lang='lat' dir='ltr'>exemplaris</span> <span class='ocrx_word' id='word_1_73' title='bbox 663 1329 790 1392; x_wconf 88' lang='lat' dir='ltr'>verbum</span> <span class='ocrx_word' id='word_1_74' title='bbox 812 1325 1002 1409; x_wconf 73' lang='lat' dir='ltr'>populeas?</span> <span class='ocrx_word' id='word_1_75' title='bbox 1036 1329 1129 1393; x_wconf 84' lang='lat' dir='ltr'>Actio</span> <span class='ocrx_word' id='word_1_76' title='bbox 1145 1328 1365 1392; x_wconf 62' lang='lat' dir='ltr'>desideraturi.</span> 
     </span>
     <span class='ocr_line' id='line_1_11' title="bbox 214 1427 1365 1512; baseline 0 -20"><span class='ocrx_word' id='word_1_77' title='bbox 214 1428 393 1493; x_wconf 89' lang='lat' dir='ltr'>Mirandum</span> <span class='ocrx_word' id='word_1_78' title='bbox 416 1429 524 1512; x_wconf 88' lang='lat' dir='ltr'>igitur,</span> <span class='ocrx_word' id='word_1_79' title='bbox 549 1428 630 1510; x_wconf 91' lang='lat' dir='ltr'>quod</span> <span class='ocrx_word' id='word_1_80' title='bbox 646 1428 704 1492; x_wconf 90' lang='lat' dir='ltr'>hae</span> <span class='ocrx_word' id='word_1_81' title='bbox 725 1428 859 1509; x_wconf 86' lang='lat' dir='ltr'>ineptiae</span> <span class='ocrx_word' id='word_1_82' title='bbox 881 1427 958 1492; x_wconf 86' lang='lat' dir='ltr'>uiris</span> <span class='ocrx_word' id='word_1_83' title='bbox 983 1428 1082 1493; x_wconf 88' lang='lat' dir='ltr'>doctis</span> <span class='ocrx_word' id='word_1_84' title='bbox 1105 1448 1243 1511; x_wconf 90' lang='lat' dir='ltr'>unquam</span> <span class='ocrx_word' id='word_1_85' title='bbox 1259 1428 1365 1492; x_wconf 88' lang='lat' dir='ltr'>fucum</span> 
     </span>
     <span class='ocr_line' id='line_1_12' title="bbox 213 1527 1365 1612; baseline -0.003 -18"><span class='ocrx_word' id='word_1_86' title='bbox 213 1530 313 1594; x_wconf 83' lang='lat' dir='ltr'>iacere</span> <span class='ocrx_word' id='word_1_87' title='bbox 329 1531 526 1611; x_wconf 83' lang='lat' dir='ltr'>potuerunt⁴.</span> <span class='ocrx_word' id='word_1_88' title='bbox 544 1566 572 1572; x_wconf 82' lang='lat'>-</span> <span class='ocrx_word' id='word_1_89' title='bbox 589 1528 860 1594; x_wconf 75' lang='lat' dir='ltr'>accommodatur</span> <span class='ocrx_word' id='word_1_90' title='bbox 875 1548 1004 1612; x_wconf 86' lang='lat' dir='ltr'>sequens</span> <span class='ocrx_word' id='word_1_91' title='bbox 1018 1530 1123 1612; x_wconf 87' lang='lat' dir='ltr'>imago</span> <span class='ocrx_word' id='word_1_92' title='bbox 1140 1528 1238 1594; x_wconf 88' lang='lat' dir='ltr'>videri</span> <span class='ocrx_word' id='word_1_93' title='bbox 1254 1527 1365 1610; x_wconf 90' lang='lat' dir='ltr'>possit:</span> 
     </span>
     <span class='ocr_line' id='line_1_13' title="bbox 215 1621 1366 1716; baseline -0.002 -24"><span class='ocrx_word' id='word_1_94' title='bbox 215 1630 340 1715; x_wconf 71' lang='grc' dir='ltr'><em>νύμφαι</em></span> <span class='ocrx_word' id='word_1_95' title='bbox 378 1652 413 1693; x_wconf 82' lang='lat' dir='ltr'>aa·</span> <span class='ocrx_word' id='word_1_96' title='bbox 450 1623 482 1693; x_wconf 79' lang='lat' dir='ltr'>oti</span> <span class='ocrx_word' id='word_1_97' title='bbox 516 1628 571 1694; x_wconf 86' lang='grc' dir='ltr'>σαὶ</span> <span class='ocrx_word' id='word_1_98' title='bbox 606 1627 728 1716; x_wconf 81' lang='grc' dir='ltr'><strong><em>τροφοὶ</em></strong></span> <span class='ocrx_word' id='word_1_99' title='bbox 760 1628 899 1694; x_wconf 75' lang='grc' dir='ltr'><strong><em>τουτωνὶ</em></strong></span> <span class='ocrx_word' id='word_1_100' title='bbox 932 1631 999 1694; x_wconf 80' lang='grc' dir='ltr'>τῶν</span> <span class='ocrx_word' id='word_1_101' title='bbox 1028 1633 1140 1714; x_wconf 78' lang='grc' dir='ltr'><em>πηγῶν</em></span> <span class='ocrx_word' id='word_1_102' title='bbox 1169 1621 1366 1709; x_wconf 77' lang='grc' dir='ltr'><em>ἅνασχοῦσαι</em></span> 
     </span>
     <span class='ocr_line' id='line_1_14' title="bbox 216 1721 1367 1816; baseline -0.003 -20"><span class='ocrx_word' id='word_1_103' title='bbox 216 1731 443 1816; x_wconf 73' lang='grc' dir='ltr'><em>σπαράττουσι</em></span> <span class='ocrx_word' id='word_1_104' title='bbox 464 1727 522 1809; x_wconf 82' lang='grc' dir='ltr'>τὰς</span> <span class='ocrx_word' id='word_1_105' title='bbox 544 1727 648 1814; x_wconf 77' lang='grc' dir='ltr'><strong><em>κόμας</em></strong></span> <span class='ocrx_word' id='word_1_106' title='bbox 663 1721 910 1814; x_wconf 74' lang='grc' dir='ltr'><em>οἷποβλύζουσαι</em></span> <span class='ocrx_word' id='word_1_107' title='bbox 925 1732 991 1796; x_wconf 79' lang='grc' dir='ltr'>τῶν</span> <span class='ocrx_word' id='word_1_108' title='bbox 1006 1731 1117 1814; x_wconf 81' lang='grc' dir='ltr'><em>μαζῶν</em></span> <span class='ocrx_word' id='word_1_109' title='bbox 1133 1725 1231 1811; x_wconf 63' lang='grc' dir='ltr'><em>ὕδωρ,</em></span> <span class='ocrx_word' id='word_1_110' title='bbox 1256 1748 1367 1812; x_wconf 90' lang='lat' dir='ltr'>quam·</span> 
     </span>
     <span class='ocr_line' id='line_1_15' title="bbox 215 1829 1366 1915; baseline -0.003 -20"><span class='ocrx_word' id='word_1_111' title='bbox 215 1852 311 1915; x_wconf 89' lang='lat' dir='ltr'>quam</span> <span class='ocrx_word' id='word_1_112' title='bbox 337 1833 537 1913; x_wconf 87' lang='lat' dir='ltr'>profluentem</span> <span class='ocrx_word' id='word_1_113' title='bbox 574 1834 622 1898; x_wconf 84' lang='lat' dir='ltr'>vel</span> <span class='ocrx_word' id='word_1_114' title='bbox 655 1833 872 1900; x_wconf 88' lang='lat' dir='ltr'>demanantem</span> <span class='ocrx_word' id='word_1_115' title='bbox 907 1833 1043 1898; x_wconf 87' lang='lat' dir='ltr'>fontium</span> <span class='ocrx_word' id='word_1_116' title='bbox 1080 1851 1194 1914; x_wconf 91' lang='lat' dir='ltr'>aquam</span> <span class='ocrx_word' id='word_1_117' title='bbox 1229 1829 1366 1912; x_wconf 90' lang='lat' dir='ltr'>ineptius</span> 
     </span>
     <span class='ocr_line' id='line_1_16' title="bbox 215 1930 1366 2016; baseline -0.003 -18"><span class='ocrx_word' id='word_1_118' title='bbox 215 1953 309 2016; x_wconf 93' lang='lat' dir='ltr'>quam</span> <span class='ocrx_word' id='word_1_119' title='bbox 342 1933 516 2016; x_wconf 88' lang='lat' dir='ltr'>elegantius</span> <span class='ocrx_word' id='word_1_120' title='bbox 549 1932 602 1998; x_wconf 87' lang='lat' dir='ltr'>ille</span> <span class='ocrx_word' id='word_1_121' title='bbox 634 1935 832 2016; x_wconf 84' lang='lat' dir='ltr'>excogitauit.</span> <span class='ocrx_word' id='word_1_122' title='bbox 882 1935 1013 2016; x_wconf 87' lang='lat' dir='ltr'>Legerat</span> <span class='ocrx_word' id='word_1_123' title='bbox 1040 1933 1171 1998; x_wconf 87' lang='lat' dir='ltr'>fortasse</span> <span class='ocrx_word' id='word_1_124' title='bbox 1195 1930 1366 2013; x_wconf 84' lang='lat' dir='ltr'>Hippolyto</span> 
     </span>
     <span class='ocr_line' id='line_1_17' title="bbox 215 2032 1365 2119; baseline -0.003 -20"><span class='ocrx_word' id='word_1_125' title='bbox 215 2037 297 2100; x_wconf 88' lang='lat' dir='ltr'>inter</span> <span class='ocrx_word' id='word_1_126' title='bbox 324 2035 471 2098; x_wconf 88' lang='lat' dir='ltr'>venatum</span> <span class='ocrx_word' id='word_1_127' title='bbox 502 2036 602 2100; x_wconf 87' lang='lat' dir='ltr'>fontes</span> <span class='ocrx_word' id='word_1_128' title='bbox 637 2036 826 2119; x_wconf 88' lang='lat' dir='ltr'>nymphasve</span> <span class='ocrx_word' id='word_1_129' title='bbox 858 2035 1005 2118; x_wconf 82' lang='lat' dir='ltr'>frigidam</span> <span class='ocrx_word' id='word_1_130' title='bbox 1038 2053 1151 2117; x_wconf 89' lang='lat' dir='ltr'>aquam</span> <span class='ocrx_word' id='word_1_131' title='bbox 1179 2032 1365 2115; x_wconf 86' lang='lat' dir='ltr'>praebuisse,</span> 
     </span>
     <span class='ocr_line' id='line_1_18' title="bbox 216 2128 1366 2221; baseline -0.003 -21"><span class='ocrx_word' id='word_1_132' title='bbox 216 2135 296 2200; x_wconf 90' lang='lat' dir='ltr'>unde</span> <span class='ocrx_word' id='word_1_133' title='bbox 321 2136 472 2218; x_wconf 81' lang='lat' dir='ltr'>nymphae</span> <span class='ocrx_word' id='word_1_134' title='bbox 499 2128 531 2198; x_wconf 86' lang='lat' dir='ltr'>ui</span> <span class='ocrx_word' id='word_1_135' title='bbox 554 2133 609 2199; x_wconf 84' lang='lat' dir='ltr'>cot</span> <span class='ocrx_word' id='word_1_136' title='bbox 630 2133 772 2221; x_wconf 78' lang='lat' dir='ltr'>apopoi⁵</span> <span class='ocrx_word' id='word_1_137' title='bbox 801 2135 954 2219; x_wconf 85' lang='lat' dir='ltr'>originem</span> <span class='ocrx_word' id='word_1_138' title='bbox 981 2135 1152 2210; x_wconf 84' lang='lat' dir='ltr'>duxerunt;</span> <span class='ocrx_word' id='word_1_139' title='bbox 1189 2151 1267 2217; x_wconf 92' lang='lat' dir='ltr'>quae</span> <span class='ocrx_word' id='word_1_140' title='bbox 1298 2151 1366 2196; x_wconf 93' lang='lat' dir='ltr'>am·</span> 
     </span>
     <span class='ocr_line' id='line_1_19' title="bbox 217 2232 1365 2319; baseline -0.004 -19"><span class='ocrx_word' id='word_1_141' title='bbox 217 2237 308 2318; x_wconf 84' lang='lat' dir='ltr'>ptius,</span> <span class='ocrx_word' id='word_1_142' title='bbox 337 2240 372 2301; x_wconf 92' lang='lat' dir='ltr'>ut</span> <span class='ocrx_word' id='word_1_143' title='bbox 398 2236 561 2319; x_wconf 86' lang='lat' dir='ltr'>affingeret</span> <span class='ocrx_word' id='word_1_144' title='bbox 587 2256 739 2302; x_wconf 88' lang='lat' dir='ltr'>mammas</span> <span class='ocrx_word' id='word_1_145' title='bbox 767 2237 941 2302; x_wconf 88' lang='lat' dir='ltr'>nutrientes</span> <span class='ocrx_word' id='word_1_146' title='bbox 968 2237 998 2301; x_wconf 88' lang='lat' dir='ltr'>et</span> <span class='ocrx_word' id='word_1_147' title='bbox 1025 2254 1139 2318; x_wconf 90' lang='lat' dir='ltr'>aquam</span> <span class='ocrx_word' id='word_1_148' title='bbox 1165 2232 1365 2312; x_wconf 70' lang='lat' dir='ltr'>effundentes</span> 
     </span>
     <span class='ocr_line' id='line_1_20' title="bbox 215 2335 1364 2420; baseline -0.003 -19"><span class='ocrx_word' id='word_1_149' title='bbox 215 2357 283 2401; x_wconf 89' lang='lat' dir='ltr'>eum</span> <span class='ocrx_word' id='word_1_150' title='bbox 312 2338 511 2419; x_wconf 90' lang='lat' dir='ltr'>impulerunt.</span> <span class='ocrx_word' id='word_1_151' title='bbox 556 2337 622 2401; x_wconf 89' lang='lat' dir='ltr'>Has</span> <span class='ocrx_word' id='word_1_152' title='bbox 650 2337 774 2420; x_wconf 90' lang='lat' dir='ltr'>quidem</span> <span class='ocrx_word' id='word_1_153' title='bbox 802 2339 942 2419; x_wconf 89' lang='lat' dir='ltr'>argutias</span> <span class='ocrx_word' id='word_1_154' title='bbox 966 2337 1005 2402; x_wconf 87' lang='lat' dir='ltr'>ad</span> <span class='ocrx_word' id='word_1_155' title='bbox 1035 2335 1274 2419; x_wconf 86' lang='lat' dir='ltr'>significandum</span> <span class='ocrx_word' id='word_1_156' title='bbox 1296 2335 1364 2398; x_wconf 91' lang='lat' dir='ltr'>luo-</span> 
     </span>
     <span class='ocr_line' id='line_1_21' title="bbox 215 2435 1366 2521; baseline -0.005 -18"><span class='ocrx_word' id='word_1_157' title='bbox 215 2440 282 2503; x_wconf 90' lang='lat' dir='ltr'>tum</span> <span class='ocrx_word' id='word_1_158' title='bbox 316 2457 426 2521; x_wconf 91' lang='lat' dir='ltr'>parum</span> <span class='ocrx_word' id='word_1_159' title='bbox 454 2438 543 2520; x_wconf 90' lang='lat' dir='ltr'>aptas</span> <span class='ocrx_word' id='word_1_160' title='bbox 576 2456 640 2502; x_wconf 88' lang='lat' dir='ltr'>esse</span> <span class='ocrx_word' id='word_1_161' title='bbox 670 2457 730 2502; x_wconf 90' lang='lat' dir='ltr'>non</span> <span class='ocrx_word' id='word_1_162' title='bbox 759 2438 862 2502; x_wconf 90' lang='lat' dir='ltr'>sensit.</span> <span class='ocrx_word' id='word_1_163' title='bbox 915 2439 961 2502; x_wconf 85' lang='lat' dir='ltr'>At</span> <span class='ocrx_word' id='word_1_164' title='bbox 995 2438 1030 2502; x_wconf 92' lang='lat' dir='ltr'>ut</span> <span class='ocrx_word' id='word_1_165' title='bbox 1064 2438 1146 2502; x_wconf 89' lang='lat' dir='ltr'>reete</span> <span class='ocrx_word' id='word_1_166' title='bbox 1174 2435 1265 2500; x_wconf 93' lang='lat' dir='ltr'>modo</span> <span class='ocrx_word' id='word_1_167' title='bbox 1292 2452 1366 2498; x_wconf 91' lang='lat' dir='ltr'>oon·</span> 
     </span>
     <span class='ocr_line' id='line_1_22' title="bbox 217 2535 1366 2622; baseline -0.004 -17"><span class='ocrx_word' id='word_1_168' title='bbox 217 2539 342 2605; x_wconf 88' lang='lat' dir='ltr'>clusisse</span> <span class='ocrx_word' id='word_1_169' title='bbox 371 2559 419 2604; x_wconf 91' lang='lat' dir='ltr'>mc</span> <span class='ocrx_word' id='word_1_170' title='bbox 447 2539 563 2618; x_wconf 87' lang='lat' dir='ltr'>credas,</span> <span class='ocrx_word' id='word_1_171' title='bbox 600 2537 730 2604; x_wconf 91' lang='lat' dir='ltr'>Ovidius</span> <span class='ocrx_word' id='word_1_172' title='bbox 757 2538 850 2603; x_wconf 86' lang='lat' dir='ltr'>fidem</span> <span class='ocrx_word' id='word_1_173' title='bbox 879 2539 1008 2622; x_wconf 84' lang='lat' dir='ltr'>obligat,</span> <span class='ocrx_word' id='word_1_174' title='bbox 1041 2538 1127 2603; x_wconf 88' lang='lat' dir='ltr'>cuius</span> <span class='ocrx_word' id='word_1_175' title='bbox 1151 2536 1292 2601; x_wconf 88' lang='lat' dir='ltr'>Phaedra</span> <span class='ocrx_word' id='word_1_176' title='bbox 1318 2535 1366 2600; x_wconf 89' lang='lat' dir='ltr'>ita</span> 
     </span>
     <span class='ocr_line' id='line_1_23' title="bbox 216 2640 479 2706; baseline -0.008 0"><span class='ocrx_word' id='word_1_177' title='bbox 216 2640 325 2706; x_wconf 88' lang='lat' dir='ltr'>scribit</span> <span class='ocrx_word' id='word_1_178' title='bbox 349 2660 376 2705; x_wconf 86' lang='lat' dir='ltr'>u.</span> <span class='ocrx_word' id='word_1_179' title='bbox 403 2641 479 2704; x_wconf 83' lang='lat'>173:</span> 
     </span>
     <span class='ocr_line' id='line_1_24' title="bbox 367 2737 1204 2824; baseline -0.004 -18"><span class='ocrx_word' id='word_1_180' title='bbox 367 2741 411 2806; x_wconf 92' lang='lat' dir='ltr'>sic</span> <span class='ocrx_word' id='word_1_181' title='bbox 432 2741 491 2805; x_wconf 91' lang='lat' dir='ltr'>tibi</span> <span class='ocrx_word' id='word_1_182' title='bbox 512 2741 589 2806; x_wconf 90' lang='lat' dir='ltr'>dant</span> <span class='ocrx_word' id='word_1_183' title='bbox 611 2741 773 2824; x_wconf 83' lang='lat' dir='ltr'>nymphae,</span> <span class='ocrx_word' id='word_1_184' title='bbox 796 2740 939 2823; x_wconf 90' lang='lat' dir='ltr'>quamvis</span> <span class='ocrx_word' id='word_1_185' title='bbox 965 2739 1064 2803; x_wconf 87' lang='lat' dir='ltr'>odisse</span> <span class='ocrx_word' id='word_1_186' title='bbox 1085 2737 1204 2821; x_wconf 89' lang='lat' dir='ltr'>puellas</span> 
     </span>
     <span class='ocr_line' id='line_1_25' title="bbox 415 2839 1131 2923; baseline -0.003 -18"><span class='ocrx_word' id='word_1_187' title='bbox 415 2841 535 2921; x_wconf 85' lang='lat' dir='ltr'>diceris,</span> <span class='ocrx_word' id='word_1_188' title='bbox 560 2842 697 2906; x_wconf 89' lang='lat' dir='ltr'>arentem</span> <span class='ocrx_word' id='word_1_189' title='bbox 721 2859 799 2923; x_wconf 89' lang='lat' dir='ltr'>quae</span> <span class='ocrx_word' id='word_1_190' title='bbox 821 2841 903 2905; x_wconf 87' lang='lat' dir='ltr'>levet</span> <span class='ocrx_word' id='word_1_191' title='bbox 926 2840 1009 2905; x_wconf 91' lang='lat' dir='ltr'>unda</span> <span class='ocrx_word' id='word_1_192' title='bbox 1031 2839 1131 2903; x_wconf 82' lang='lat' dir='ltr'>sitim!</span> 
     </span>
    </p>
   </div>
   <div class='ocr_carea' id='block_1_6' title="bbox 220 2981 415 2988">
    <p class='ocr_par' dir='ltr' id='par_1_6' title="bbox 220 2981 415 2988">
     <span class='ocr_line' id='line_1_26' title="bbox 220 2981 415 2988; baseline 0 0"><span class='ocrx_word' id='word_1_193' title='bbox 220 2981 415 2988; x_wconf 76' lang='lat'><em>.-..--.—-—-</em></span> 
     </span>
    </p>
   </div>
   <div class='ocr_carea' id='block_1_7' title="bbox 195 3035 1369 4442">
    <p class='ocr_par' dir='ltr' id='par_1_7' title="bbox 195 3035 1369 4442">
     <span class='ocr_line' id='line_1_27' title="bbox 319 3035 1366 3116; baseline -0.005 -18"><span class='ocrx_word' id='word_1_194' title='bbox 319 3049 328 3078; x_wconf 83' lang='lat'>¹</span> <span class='ocrx_word' id='word_1_195' title='bbox 350 3045 388 3099; x_wconf 86' lang='lat' dir='ltr'>Cf.</span> <span class='ocrx_word' id='word_1_196' title='bbox 409 3045 494 3098; x_wconf 78' lang='lat' dir='ltr'>Anah.</span> <span class='ocrx_word' id='word_1_197' title='bbox 516 3045 573 3098; x_wconf 88' lang='lat' dir='ltr'>Pal.</span> <span class='ocrx_word' id='word_1_198' title='bbox 594 3043 625 3114; x_wconf 84' lang='lat' dir='ltr'>V,</span> <span class='ocrx_word' id='word_1_199' title='bbox 647 3048 707 3098; x_wconf 82' lang='lat'>144.</span> <span class='ocrx_word' id='word_1_200' title='bbox 732 3064 757 3100; x_wconf 85' lang='lat' dir='ltr'>v.</span> <span class='ocrx_word' id='word_1_201' title='bbox 773 3047 808 3098; x_wconf 72' lang='grc' dir='ltr'>’ὗε</span> <span class='ocrx_word' id='word_1_202' title='bbox 848 3045 984 3116; x_wconf 72' lang='grc' dir='ltr'><em>λειμῶνες,</em></span> <span class='ocrx_word' id='word_1_203' title='bbox 1011 3049 1039 3096; x_wconf 80' lang='grc' dir='ltr'>τί</span> <span class='ocrx_word' id='word_1_204' title='bbox 1063 3038 1167 3115; x_wconf 75' lang='grc' dir='ltr'><em>μάταια</em></span> <span class='ocrx_word' id='word_1_205' title='bbox 1195 3035 1295 3113; x_wconf 77' lang='grc' dir='ltr'><strong><em>κόμαις</em></strong></span> <span class='ocrx_word' id='word_1_206' title='bbox 1320 3042 1366 3096; x_wconf 76' lang='grc' dir='ltr'>ἔπι</span> 
     </span>
     <span class='ocr_line' id='line_1_28' title="bbox 219 3131 976 3205; baseline -0.001 -19"><span class='ocrx_word' id='word_1_207' title='bbox 219 3131 324 3205; x_wconf 71' lang='grc' dir='ltr'><em>φαιδρὰ</em></span> <span class='ocrx_word' id='word_1_208' title='bbox 343 3134 455 3203; x_wconf 79' lang='grc' dir='ltr'><em>γελᾶτε;</em></span> <span class='ocrx_word' id='word_1_209' title='bbox 475 3133 578 3203; x_wconf 85' lang='lat' dir='ltr'>Helbig</span> <span class='ocrx_word' id='word_1_210' title='bbox 597 3133 649 3186; x_wconf 88' lang='lat' dir='ltr'>Rh.</span> <span class='ocrx_word' id='word_1_211' title='bbox 669 3133 739 3186; x_wconf 91' lang='lat' dir='ltr'>Mus.</span> <span class='ocrx_word' id='word_1_212' title='bbox 760 3133 851 3187; x_wconf 89' lang='lat' dir='ltr'>XXIV</span> <span class='ocrx_word' id='word_1_213' title='bbox 871 3151 898 3202; x_wconf 87' lang='lat' dir='ltr'>p.</span> <span class='ocrx_word' id='word_1_214' title='bbox 916 3135 976 3186; x_wconf 83' lang='lat'>510.</span> 
     </span>
     <span class='ocr_line' id='line_1_29' title="bbox 320 3221 1287 3290; baseline -0.005 -12"><span class='ocrx_word' id='word_1_215' title='bbox 320 3223 330 3256; x_wconf 72' lang='lat'>²</span> <span class='ocrx_word' id='word_1_216' title='bbox 351 3222 443 3278; x_wconf 90' lang='lat' dir='ltr'>Ueber</span> <span class='ocrx_word' id='word_1_217' title='bbox 461 3223 488 3276; x_wconf 90' lang='lat' dir='ltr'>d.</span> <span class='ocrx_word' id='word_1_218' title='bbox 505 3222 699 3277; x_wconf 89' lang='lat' dir='ltr'>Unterschied.</span> <span class='ocrx_word' id='word_1_219' title='bbox 719 3223 746 3276; x_wconf 92' lang='lat' dir='ltr'>d.</span> <span class='ocrx_word' id='word_1_220' title='bbox 766 3223 855 3276; x_wconf 90' lang='lat' dir='ltr'>antik.</span> <span class='ocrx_word' id='word_1_221' title='bbox 875 3241 901 3277; x_wconf 88' lang='lat' dir='ltr'>u.</span> <span class='ocrx_word' id='word_1_222' title='bbox 919 3223 1044 3277; x_wconf 89' lang='lat' dir='ltr'>modern.</span> <span class='ocrx_word' id='word_1_223' title='bbox 1063 3221 1179 3276; x_wconf 87' lang='lat' dir='ltr'>Malerei</span> <span class='ocrx_word' id='word_1_224' title='bbox 1198 3240 1225 3290; x_wconf 89' lang='lat' dir='ltr'>p.</span> <span class='ocrx_word' id='word_1_225' title='bbox 1247 3223 1287 3274; x_wconf 84' lang='lat'>13.</span> 
     </span>
     <span class='ocr_line' id='line_1_30' title="bbox 316 3293 1369 3382; baseline -0.004 -18"><span class='ocrx_word' id='word_1_226' title='bbox 316 3311 492 3364; x_wconf 79' lang='lat' dir='ltr'>³Praecedit</span> <span class='ocrx_word' id='word_1_227' title='bbox 512 3311 700 3365; x_wconf 88' lang='lat' dir='ltr'>intolerabilis</span> <span class='ocrx_word' id='word_1_228' title='bbox 729 3312 834 3381; x_wconf 87' lang='lat' dir='ltr'>imago:</span> <span class='ocrx_word' id='word_1_229' title='bbox 869 3315 981 3364; x_wconf 77' lang='grc' dir='ltr'>σκοπιαὶ</span> <span class='ocrx_word' id='word_1_230' title='bbox 1003 3311 1058 3382; x_wconf 82' lang='grc' dir='ltr'>μὲν</span> <span class='ocrx_word' id='word_1_231' title='bbox 1081 3308 1135 3380; x_wconf 74' lang='grc' dir='ltr'>γὰρ</span> <span class='ocrx_word' id='word_1_232' title='bbox 1158 3295 1243 3376; x_wconf 70' lang='grc' dir='ltr'><em>αὗται,</em></span> <span class='ocrx_word' id='word_1_233' title='bbox 1269 3309 1304 3361; x_wconf 78' lang='lat' dir='ltr'>dr’</span> <span class='ocrx_word' id='word_1_234' title='bbox 1329 3293 1369 3360; x_wconf 82' lang='grc' dir='ltr'>ὧν</span> 
     </span>
     <span class='ocr_line' id='line_1_31' title="bbox 217 3393 1368 3472; baseline -0.003 -19"><span class='ocrx_word' id='word_1_235' title='bbox 217 3394 319 3468; x_wconf 56' lang='lat' dir='ltr'>&amp;rippas</span> <span class='ocrx_word' id='word_1_236' title='bbox 336 3393 535 3469; x_wconf 72' lang='grc' dir='ltr'>ξὺνΆρτέμιὸι,</span> <span class='ocrx_word' id='word_1_237' title='bbox 556 3393 720 3471; x_wconf 76' lang='lat' dir='ltr'>dprirrrornrn</span> <span class='ocrx_word' id='word_1_238' title='bbox 730 3397 777 3458; x_wconf 81' lang='grc' dir='ltr'>τὰς</span> <span class='ocrx_word' id='word_1_239' title='bbox 795 3397 908 3472; x_wconf 78' lang='grc' dir='ltr'><em>παρειὰς</em></span> <span class='ocrx_word' id='word_1_240' title='bbox 921 3401 951 3454; x_wconf 74' lang='grc' dir='ltr'>ἐν</span> <span class='ocrx_word' id='word_1_241' title='bbox 964 3401 1027 3454; x_wconf 76' lang='grc' dir='ltr'><em>εἴδει</em></span> <span class='ocrx_word' id='word_1_242' title='bbox 1042 3399 1186 3468; x_wconf 74' lang='grc' dir='ltr'><em>γυναικῶν.</em></span> <span class='ocrx_word' id='word_1_243' title='bbox 1211 3396 1265 3465; x_wconf 78' lang='lat' dir='ltr'>Qui</span> <span class='ocrx_word' id='word_1_244' title='bbox 1275 3398 1368 3450; x_wconf 91' lang='lat' dir='ltr'>luctus</span> 
     </span>
     <span class='ocr_line' id='line_1_32' title="bbox 218 3487 1367 3558; baseline -0.002 -18"><span class='ocrx_word' id='word_1_245' title='bbox 218 3492 312 3558; x_wconf 85' lang='lat' dir='ltr'>gestus</span> <span class='ocrx_word' id='word_1_246' title='bbox 333 3488 541 3542; x_wconf 87' lang='lat' dir='ltr'>Alexandrinae</span> <span class='ocrx_word' id='word_1_247' title='bbox 563 3505 596 3542; x_wconf 88' lang='lat' dir='ltr'>ac</span> <span class='ocrx_word' id='word_1_248' title='bbox 614 3489 764 3543; x_wconf 87' lang='lat' dir='ltr'>recentiori</span> <span class='ocrx_word' id='word_1_249' title='bbox 783 3490 860 3558; x_wconf 86' lang='lat' dir='ltr'>poesi</span> <span class='ocrx_word' id='word_1_250' title='bbox 879 3492 977 3558; x_wconf 88' lang='lat' dir='ltr'>utpote</span> <span class='ocrx_word' id='word_1_251' title='bbox 1000 3489 1093 3543; x_wconf 89' lang='lat' dir='ltr'>minus</span> <span class='ocrx_word' id='word_1_252' title='bbox 1116 3487 1278 3541; x_wconf 82' lang='lat' dir='ltr'>moderatae</span> <span class='ocrx_word' id='word_1_253' title='bbox 1303 3502 1367 3539; x_wconf 90' lang='lat' dir='ltr'>con-</span> 
     </span>
     <span class='ocr_line' id='line_1_33' title="bbox 219 3577 1230 3647; baseline -0.003 -16"><span class='ocrx_word' id='word_1_254' title='bbox 219 3577 340 3643; x_wconf 85' lang='lat' dir='ltr'>veniens,</span> <span class='ocrx_word' id='word_1_255' title='bbox 360 3577 396 3630; x_wconf 91' lang='lat' dir='ltr'>ab</span> <span class='ocrx_word' id='word_1_256' title='bbox 414 3578 595 3646; x_wconf 89' lang='lat' dir='ltr'>antiquorum</span> <span class='ocrx_word' id='word_1_257' title='bbox 613 3578 755 3646; x_wconf 91' lang='lat' dir='ltr'>pictorum</span> <span class='ocrx_word' id='word_1_258' title='bbox 774 3578 954 3647; x_wconf 84' lang='lat' dir='ltr'>simplicitate</span> <span class='ocrx_word' id='word_1_259' title='bbox 971 3577 1156 3632; x_wconf 82' lang='lat' dir='ltr'>alienissimus</span> <span class='ocrx_word' id='word_1_260' title='bbox 1180 3579 1230 3630; x_wconf 89' lang='lat' dir='ltr'>est.</span> 
     </span>
     <span class='ocr_line' id='line_1_34' title="bbox 319 3663 1367 3735; baseline -0.004 -17"><span class='ocrx_word' id='word_1_261' title='bbox 319 3665 422 3719; x_wconf 86' lang='lat' dir='ltr'>⁴Huic</span> <span class='ocrx_word' id='word_1_262' title='bbox 441 3667 567 3734; x_wconf 87' lang='lat' dir='ltr'>exemplo</span> <span class='ocrx_word' id='word_1_263' title='bbox 586 3683 697 3735; x_wconf 89' lang='lat' dir='ltr'>possum</span> <span class='ocrx_word' id='word_1_264' title='bbox 717 3666 773 3720; x_wconf 85' lang='lat' dir='ltr'>elia</span> <span class='ocrx_word' id='word_1_265' title='bbox 792 3666 893 3720; x_wconf 88' lang='lat' dir='ltr'>similia</span> <span class='ocrx_word' id='word_1_266' title='bbox 916 3667 1072 3734; x_wconf 86' lang='lat' dir='ltr'>adstruere;</span> <span class='ocrx_word' id='word_1_267' title='bbox 1103 3665 1152 3719; x_wconf 89' lang='lat' dir='ltr'>sed</span> <span class='ocrx_word' id='word_1_268' title='bbox 1176 3665 1241 3718; x_wconf 83' lang='lat' dir='ltr'>nolo</span> <span class='ocrx_word' id='word_1_269' title='bbox 1269 3663 1367 3716; x_wconf 92' lang='lat' dir='ltr'>immo-</span> 
     </span>
     <span class='ocr_line' id='line_1_35' title="bbox 217 3753 1366 3823; baseline -0.003 -17"><span class='ocrx_word' id='word_1_270' title='bbox 217 3753 341 3807; x_wconf 86' lang='lat' dir='ltr'>deratius</span> <span class='ocrx_word' id='word_1_271' title='bbox 374 3754 496 3823; x_wconf 85' lang='lat' dir='ltr'>evagari.</span> <span class='ocrx_word' id='word_1_272' title='bbox 548 3753 677 3808; x_wconf 85' lang='lat' dir='ltr'>Ceterum</span> <span class='ocrx_word' id='word_1_273' title='bbox 705 3753 825 3808; x_wconf 86' lang='lat' dir='ltr'>fictionis</span> <span class='ocrx_word' id='word_1_274' title='bbox 855 3755 900 3809; x_wconf 89' lang='lat' dir='ltr'>via</span> <span class='ocrx_word' id='word_1_275' title='bbox 928 3772 960 3809; x_wconf 88' lang='lat' dir='ltr'>ac</span> <span class='ocrx_word' id='word_1_276' title='bbox 988 3754 1097 3808; x_wconf 87' lang='lat' dir='ltr'>ratione</span> <span class='ocrx_word' id='word_1_277' title='bbox 1125 3753 1236 3807; x_wconf 87' lang='lat' dir='ltr'>detecta</span> <span class='ocrx_word' id='word_1_278' title='bbox 1264 3767 1366 3819; x_wconf 89' lang='lat' dir='ltr'>susque</span> 
     </span>
     <span class='ocr_line' id='line_1_36' title="bbox 217 3838 1368 3912; baseline -0.003 -17"><span class='ocrx_word' id='word_1_279' title='bbox 217 3841 306 3909; x_wconf 88' lang='lat' dir='ltr'>deque</span> <span class='ocrx_word' id='word_1_280' title='bbox 325 3841 485 3895; x_wconf 89' lang='lat' dir='ltr'>habendum</span> <span class='ocrx_word' id='word_1_281' title='bbox 506 3846 555 3910; x_wconf 88' lang='lat' dir='ltr'>est,</span> <span class='ocrx_word' id='word_1_282' title='bbox 574 3847 669 3895; x_wconf 90' lang='lat' dir='ltr'>utrum</span> <span class='ocrx_word' id='word_1_283' title='bbox 688 3843 758 3896; x_wconf 87' lang='lat' dir='ltr'>talia</span> <span class='ocrx_word' id='word_1_284' title='bbox 777 3843 813 3896; x_wconf 91' lang='lat' dir='ltr'>ab</span> <span class='ocrx_word' id='word_1_285' title='bbox 833 3843 986 3897; x_wconf 87' lang='lat' dir='ltr'>artificibus</span> <span class='ocrx_word' id='word_1_286' title='bbox 1005 3842 1150 3912; x_wconf 90' lang='lat' dir='ltr'>potuerint</span> <span class='ocrx_word' id='word_1_287' title='bbox 1162 3838 1368 3910; x_wconf 86' lang='lat' dir='ltr'>repraesentari</span> 
     </span>
     <span class='ocr_line' id='line_1_37' title="bbox 218 3928 1368 4001; baseline -0.003 -19"><span class='ocrx_word' id='word_1_288' title='bbox 218 3947 311 3983; x_wconf 86' lang='lat' dir='ltr'>necne.</span> <span class='ocrx_word' id='word_1_289' title='bbox 350 3929 535 3994; x_wconf 82' lang='lat' dir='ltr'>Friederichs,</span> <span class='ocrx_word' id='word_1_290' title='bbox 563 3931 611 3998; x_wconf 92' lang='lat' dir='ltr'>qui</span> <span class='ocrx_word' id='word_1_291' title='bbox 629 3948 818 4000; x_wconf 86' lang='lat' dir='ltr'>praepropere</span> <span class='ocrx_word' id='word_1_292' title='bbox 837 3932 913 4000; x_wconf 91' lang='lat' dir='ltr'>prati</span> <span class='ocrx_word' id='word_1_293' title='bbox 931 3930 1051 4001; x_wconf 87' lang='lat' dir='ltr'>figuram</span> <span class='ocrx_word' id='word_1_294' title='bbox 1070 3930 1183 3984; x_wconf 92' lang='lat' dir='ltr'>omnino</span> <span class='ocrx_word' id='word_1_295' title='bbox 1202 3928 1368 3982; x_wconf 89' lang='lat' dir='ltr'>condemna-</span> 
     </span>
     <span class='ocr_line' id='line_1_38' title="bbox 195 4015 1367 4089; baseline -0.003 -19"><span class='ocrx_word' id='word_1_296' title='bbox 195 4051 197 4054; x_wconf 93' lang='lat'>·</span> <span class='ocrx_word' id='word_1_297' title='bbox 218 4018 261 4071; x_wconf 88' lang='lat' dir='ltr'>vit</span> <span class='ocrx_word' id='word_1_298' title='bbox 280 4017 318 4085; x_wconf 87' lang='lat' dir='ltr'>(d.</span> <span class='ocrx_word' id='word_1_299' title='bbox 338 4017 470 4072; x_wconf 88' lang='lat' dir='ltr'>Philostr.</span> <span class='ocrx_word' id='word_1_300' title='bbox 490 4018 563 4072; x_wconf 89' lang='lat' dir='ltr'>Bild.</span> <span class='ocrx_word' id='word_1_301' title='bbox 583 4036 609 4087; x_wconf 92' lang='lat' dir='ltr'>p.</span> <span class='ocrx_word' id='word_1_302' title='bbox 630 4018 684 4086; x_wconf 76' lang='lat'><strong>99),</strong></span> <span class='ocrx_word' id='word_1_303' title='bbox 703 4019 763 4072; x_wconf 91' lang='lat' dir='ltr'>iure</span> <span class='ocrx_word' id='word_1_304' title='bbox 782 4019 907 4072; x_wconf 89' lang='lat' dir='ltr'>Brunnio</span> <span class='ocrx_word' id='word_1_305' title='bbox 926 4020 1011 4073; x_wconf 90' lang='lat' dir='ltr'>bilem</span> <span class='ocrx_word' id='word_1_306' title='bbox 1035 4019 1125 4072; x_wconf 88' lang='lat' dir='ltr'>movit</span> <span class='ocrx_word' id='word_1_307' title='bbox 1144 4017 1249 4089; x_wconf 84' lang='lat' dir='ltr'>(Fleck.</span> <span class='ocrx_word' id='word_1_308' title='bbox 1269 4015 1367 4070; x_wconf 84' lang='lat' dir='ltr'>Jahrb.</span> 
     </span>
     <span class='ocr_line' id='line_1_39' title="bbox 218 4105 1368 4178; baseline -0.003 -18"><span class='ocrx_word' id='word_1_309' title='bbox 218 4105 314 4176; x_wconf 86' lang='lat' dir='ltr'>Suppl.</span> <span class='ocrx_word' id='word_1_310' title='bbox 327 4106 374 4175; x_wconf 89' lang='lat' dir='ltr'>IV,</span> <span class='ocrx_word' id='word_1_311' title='bbox 391 4109 459 4160; x_wconf 81' lang='lat'>1861</span> <span class='ocrx_word' id='word_1_312' title='bbox 480 4125 506 4176; x_wconf 92' lang='lat' dir='ltr'>p.</span> <span class='ocrx_word' id='word_1_313' title='bbox 521 4107 590 4176; x_wconf 76' lang='lat'>289).</span> <span class='ocrx_word' id='word_1_314' title='bbox 629 4107 682 4161; x_wconf 87' lang='lat' dir='ltr'>Sed</span> <span class='ocrx_word' id='word_1_315' title='bbox 701 4107 736 4161; x_wconf 89' lang='lat' dir='ltr'>cf.</span> <span class='ocrx_word' id='word_1_316' title='bbox 756 4107 859 4178; x_wconf 89' lang='lat' dir='ltr'>Helbig</span> <span class='ocrx_word' id='word_1_317' title='bbox 872 4109 888 4162; x_wconf 95' lang='grc' dir='ltr'>Ι.</span> <span class='ocrx_word' id='word_1_318' title='bbox 905 4109 923 4162; x_wconf 93' lang='lat' dir='ltr'>l.</span> <span class='ocrx_word' id='word_1_319' title='bbox 942 4126 969 4178; x_wconf 89' lang='lat' dir='ltr'>p.</span> <span class='ocrx_word' id='word_1_320' title='bbox 989 4111 1050 4161; x_wconf 82' lang='lat'>511.</span> <span class='ocrx_word' id='word_1_321' title='bbox 1087 4107 1162 4162; x_wconf 78' lang='lat' dir='ltr'>Matr</span> <span class='ocrx_word' id='word_1_322' title='bbox 1182 4106 1368 4161; x_wconf 87' lang='lat' dir='ltr'>dePhilostr.</span> 
     </span>
     <span class='ocr_line' id='line_1_40' title="bbox 217 4195 761 4266; baseline 0.004 -19"><span class='ocrx_word' id='word_1_323' title='bbox 217 4195 247 4247; x_wconf 88' lang='lat' dir='ltr'>in</span> <span class='ocrx_word' id='word_1_324' title='bbox 267 4195 384 4250; x_wconf 90' lang='lat' dir='ltr'>describ.</span> <span class='ocrx_word' id='word_1_325' title='bbox 405 4196 489 4266; x_wconf 86' lang='lat' dir='ltr'>imag.</span> <span class='ocrx_word' id='word_1_326' title='bbox 506 4195 561 4250; x_wconf 90' lang='lat' dir='ltr'>fide</span> <span class='ocrx_word' id='word_1_327' title='bbox 579 4214 607 4264; x_wconf 91' lang='lat' dir='ltr'>p.</span> <span class='ocrx_word' id='word_1_328' title='bbox 628 4197 653 4248; x_wconf 86' lang='lat'>2.</span> <span class='ocrx_word' id='word_1_329' title='bbox 672 4197 705 4248; x_wconf 88' lang='grc'>76</span> <span class='ocrx_word' id='word_1_330' title='bbox 721 4213 761 4264; x_wconf 91' lang='lat' dir='ltr'>sq.</span> 
     </span>
     <span class='ocr_line' id='line_1_41' title="bbox 317 4275 1368 4354; baseline -0.004 -16"><span class='ocrx_word' id='word_1_331' title='bbox 317 4285 328 4316; x_wconf 83' lang='lat'><strong>⁶</strong></span> <span class='ocrx_word' id='word_1_332' title='bbox 348 4283 420 4338; x_wconf 85' lang='lat' dir='ltr'>Cave</span> <span class='ocrx_word' id='word_1_333' title='bbox 440 4303 475 4339; x_wconf 90' lang='lat' dir='ltr'>ne</span> <span class='ocrx_word' id='word_1_334' title='bbox 493 4285 535 4338; x_wconf 87' lang='lat' dir='ltr'>his</span> <span class='ocrx_word' id='word_1_335' title='bbox 554 4284 657 4352; x_wconf 88' lang='lat' dir='ltr'>verbis,</span> <span class='ocrx_word' id='word_1_336' title='bbox 689 4285 791 4354; x_wconf 87' lang='lat' dir='ltr'>quibus</span> <span class='ocrx_word' id='word_1_337' title='bbox 811 4285 937 4354; x_wconf 88' lang='lat' dir='ltr'>sophista</span> <span class='ocrx_word' id='word_1_338' title='bbox 954 4288 1093 4339; x_wconf 88' lang='lat' dir='ltr'>remotum</span> <span class='ocrx_word' id='word_1_339' title='bbox 1112 4283 1226 4353; x_wconf 87' lang='lat' dir='ltr'>aliquod</span> <span class='ocrx_word' id='word_1_340' title='bbox 1244 4275 1368 4353; x_wconf 75' lang='grc' dir='ltr'><em>μυθολό-</em></span> 
     </span>
     <span class='ocr_line' id='line_1_42' title="bbox 215 4373 985 4442; baseline 0.006 -19"><span class='ocrx_word' id='word_1_341' title='bbox 215 4391 292 4442; x_wconf 80' lang='grc' dir='ltr'><strong><em>γημα</em></strong></span> <span class='ocrx_word' id='word_1_342' title='bbox 311 4373 416 4426; x_wconf 87' lang='lat' dir='ltr'>iactare</span> <span class='ocrx_word' id='word_1_343' title='bbox 435 4373 556 4441; x_wconf 85' lang='lat' dir='ltr'>uidetur,</span> <span class='ocrx_word' id='word_1_344' title='bbox 575 4373 705 4427; x_wconf 90' lang='lat' dir='ltr'>altiorem</span> <span class='ocrx_word' id='word_1_345' title='bbox 725 4389 836 4427; x_wconf 88' lang='lat' dir='ltr'>sensum</span> <span class='ocrx_word' id='word_1_346' title='bbox 856 4373 985 4428; x_wconf 87' lang='lat' dir='ltr'>subicias.</span> 
     </span>
    </p>
   </div>
   <div class='ocr_carea' id='block_1_8' title="bbox 0 0 1578 5074">
    <p class='ocr_par' dir='ltr' id='par_1_8' title="bbox 0 0 1578 5074">
     <span class='ocr_line' id='line_1_43' title="bbox 0 0 1578 5074; baseline 0 0"><span class='ocrx_word' id='word_1_347' title='bbox 0 0 1578 5074; x_wconf 95' lang='lat' dir='ltr'> </span> 
     </span>
    </p>
   </div>
  </div>
 </body>
</html>
