3154 5076
739 421 772 475 63

184 594 240 675 (M.
268 596 330 660 530
349 613 406 678 sq,
429 595 469 658 H.
491 591 591 677 lsq.).
635 593 766 658 Prorsus
787 592 917 676 denique
939 592 970 658 in
995 612 1029 658 eo
1052 591 1227 671 concinunt,
1250 590 1332 674 quod

184 698 317 780 cognato
340 696 462 760 nomine
484 695 569 760 furta
591 696 694 776 tegere
710 695 851 771 suadent,
875 695 910 758 ut
926 694 983 759 hoo
999 693 1157 776 praetexto
1173 693 1331 775 amplexus

181 798 255 862 dent
278 799 308 863 et
331 797 436 862 osoula
457 797 590 878 iungant
613 796 668 876 (M.
683 797 743 860 558
761 814 815 876 sq,
839 795 880 860 H.
898 795 957 859 137
973 795 1043 877 sq.).
1066 794 1184 859 Notum
1206 793 1330 876 quidem

181 901 227 964 est
249 899 395 964 Ovidium
416 897 541 962 tantum
563 898 611 960 sui
633 897 753 980 ingenii
777 898 948 961 amatorem
973 896 1076 971 fnisse,
1099 896 1134 959 ut
1149 895 1232 959 totos
1247 895 1330 959 loeos
1383 969 1389 981 .

181 1019 215 1064 er
238 1000 336 1063 altero
362 999 394 1063 in
418 998 698 1062 alterurnoarmen
726 996 908 1060 transferret
941 996 995 1075 (of.
1019 997 1078 1060 Leo
1104 996 1124 1059 Ι.
1149 997 1168 1059 l.
1192 1015 1221 1076 p.
1246 995 1330 1072 169).

181 1099 241 1165 Sed
264 1119 347 1177 eave,
371 1117 407 1162 ne
430 1098 585 1179 captiosae
607 1096 660 1159 isti
683 1096 897 1178 probabilitati
918 1097 1048 1161 nimium
1073 1099 1202 1162 tribuas.
1246 1096 1330 1160 Nam

181 1201 262 1282 quod
287 1199 393 1283 Byblis
415 1199 524 1264 sorihit
546 1218 574 1265 v.
598 1200 657 1263 551
679 1217 739 1280 sq:

331 1303 400 1366 iura
423 1307 507 1366 senes
530 1301 636 1365 norint
658 1300 784 1383 etquid
807 1301 961 1383 liceatque
984 1301 1131 1384 nefasque

328 1404 436 1486 fasque
458 1403 499 1467 sit
520 1401 682 1484 inquirant
703 1401 869 1484 legumque
892 1403 1033 1468 examina
1056 1403 1194 1468 servent:

327 1505 511 1570 conveniens
533 1503 637 1567 Venus
660 1503 707 1566 est
730 1503 820 1567 annis
842 1504 1007 1568 temeraria
1028 1503 1159 1578 nostris;

180 1609 211 1672 id
234 1608 354 1686 melius,
377 1625 471 1690 quam
491 1604 595 1669 Ouidii
609 1604 751 1670 Phaedra
767 1625 796 1669 r.
813 1606 888 1670 154:
908 1603 999 1687 ‘quid
1022 1605 1138 1687 deoeat,
1161 1623 1222 1668 non
1245 1604 1329 1668 videt

181 1710 263 1774 ullus
285 1700 417 1788 amans,
441 1709 524 1791 prior
545 1706 705 1788 Euripidis
718 1706 860 1770 Phaedra
882 1707 1022 1783 illustrat
1044 1706 1103 1789 hg.
1127 1707 1206 1771 436:
1230 1701 1329 1790 ἔγωγε

181 1809 265 1898 φημὶ
276 1810 330 1874 καὶ
341 1805 442 1891 νόμον
454 1831 486 1894 γε
498 1804 542 1894 μὴ
555 1807 662 1889 σέβειν
673 1809 740 1874 κτλ.
755 1809 805 1891 (ef.
817 1810 876 1893 frg.
886 1810 971 1893 433),
985 1811 1034 1874 eui
1047 1809 1178 1875 Senecae
1188 1810 1330 1875 Phaedra

181 1912 260 1977 nihil
283 1913 364 1977 oedit
388 1912 503 1976 nutrioi
524 1911 708 1993 disputanti,
732 1910 809 1993 quid
830 1910 878 1976 fas
901 1911 943 1975 sit
961 1930 997 1976 ao
1011 1912 1127 1990 deceat,
1145 1911 1330 1995 respondens

182 2033 211 2078 v.
233 2016 307 2078 218:
329 2012 461 2079 ‘amoris
484 2013 517 2076 in
539 2031 590 2077 me
611 2013 782 2076 maximum
797 2031 926 2095 regnum
949 2004 1048 2094 puto'.
1084 2013 1200 2078 Eadem
1216 2013 1330 2095 inipso

182 2116 282 2198 prima
304 2113 468 2199 Hippolyti
492 2113 729 2196 oompellatione
752 2113 823 2177 deos
845 2115 970 2178 invocat
992 2133 1020 2178 v.
1044 2115 1119 2179 604:
1141 2107 1213 2178 ‘vos
1233 2114 1331 2179 testor

182 2234 287 2280 omnes
313 2215 446 2293 caelites,
480 2214 537 2278 hoo
564 2214 646 2296 quod
670 2203 755 2279 volo’
783 2249 824 2258 —
853 2215 1008 2296 suppleas:
1044 2233 1093 2280 me
1124 2215 1215 2291 nolle,
1248 2215 1329 2297 quod

181 2317 275 2381 etiam
298 2315 440 2380 nonnulli
465 2314 583 2380 oodioes
608 2315 764 2397 praebent.
824 2315 932 2398 Neque
965 2316 1087 2381 Milesia
1120 2317 1223 2399 puella
1257 2317 1329 2382 deos

181 2437 241 2482 non
264 2418 399 2484 testatur
421 2416 587 2498 omniaque
608 2436 640 2480 se
662 2416 769 2481 feoisse
791 2417 908 2494 soribit,
933 2417 969 2480 ut
990 2418 1116 2482 tandem
1132 2418 1236 2483 sanior
1250 2417 1329 2482 esset

178 2538 211 2583 u.
235 2518 293 2582 541
318 2521 402 2600 sq.¹;
425 2517 588 2599 subiungit
610 2537 639 2582 v,
662 2518 738 2581 543:
1087 2585 1090 2595 ,

380 2619 578 2701 pugnavique
601 2618 652 2682 diu
678 2619 814 2684 violenta
837 2619 998 2702 Cupidinis
1020 2639 1108 2685 arma

381 2719 514 2802 effugere
535 2719 651 2799 insaliri,
675 2721 706 2786 et
727 2721 805 2803 plus,
833 2740 927 2804 quem
950 2721 1029 2786 ferre
1044 2722 1186 2803 ,puellam

380 2838 467 2900 posse
489 2821 586 2901 putes,
609 2839 666 2902 ego
689 2821 767 2886 dure
788 2821 848 2886 tuli
872 2841 895 2886 e.
919 2840 949 2903 q.
971 2840 995 2885 s.

181 2919 282 3003 Quam
298 2920 421 3003 quidem
435 2940 573 3004 pugnam
586 2922 660 2985 item
676 2907 779 2986 Ovidii
794 2921 937 2986 Phaedra
960 2921 1060 2986 obiter
1081 2921 1187 3004 tangit
1210 2922 1328 2998 v.151;

181 3024 233 3089 sed
265 3023 366 3087 multa
391 3023 437 3087 est
463 3023 495 3086 in
526 3042 562 3087 oa
591 3022 785 3104 depingenda
812 3021 969 3104 Euripidis
999 3022 1097 3086 altera
1124 3022 1266 3087 Phaedra
1298 3041 1327 3087 v.

181 3125 242 3189 388
261 3144 307 3206 sq.
330 3159 365 3169 -
381 3124 442 3188 Hie
466 3124 570 3188 autem
592 3123 767 3205 paullulum
789 3122 1003 3187 subsistamus
1047 3123 1130 3188 Nam
1148 3123 1330 3187 Alexandri·

181 3245 253 3290 narn
275 3227 373 3290 artem
397 3225 479 3307 apud
495 3225 651 3289 Nasonem
667 3225 781 3307 passim
804 3224 980 3289 delitescere
1001 3224 1055 3306 qui
1072 3225 1209 3290 nondum
1224 3225 1329 3306 sensit,

180 3327 320 3391 conferat
343 3345 412 3390 oum
436 3325 574 3392 versibus
596 3325 688 3390 modo
716 3325 853 3390 laudatis
876 3325 1080 3390 Parthenium
1104 3327 1179 3393 erot.
1204 3326 1262 3390 ll:
1297 3317 1328 3388 oi

181 3425 217 3492 δὲ
239 3426 373 3504 πλείους
394 3421 452 3514 τὴν
467 3424 613 3510 Redi-ida
635 3425 735 3510 φασὶν
758 3423 956 3507 ἐρασθεῖσαν
978 3425 1037 3491 τοῦ
1056 3420 1191 3490 Καύνου
1214 3420 1329 3510 λόγους

180 3519 272 3614 αὐτῷ
302 3526 524 3614 προςφέρειν2
551 3526 605 3591 καὶ
634 3527 766 3592 δεῖσθαι
789 3521 833 3614 μὴ
863 3528 1025 3610 περιιδεῖν
1056 3519 1155 3592 adadu
1181 3521 1229 3605 εἷς
1263 3527 1329 3590 πᾶν
1398 3516 1399 3519 “

284 3680 407 3750 ¹Byblis
433 3673 643 3750 precibus'suis
668 3681 748 3748 quasi
774 3680 920 3750 fastigium
948 3681 1068 3751 imponit
1095 3681 1187 3735 verbis
1215 3698 1241 3734 v.
1262 3680 1327 3734 561:

178 3767 330 3824 ‘miserere
348 3768 463 3824 fatentis
483 3765 634 3837 amorem'3
662 3770 758 3823 eadem
778 3785 885 3823 summa
904 3771 1059 3824 novercalis
1080 3769 1279 3825 obsecrationis
1299 3771 1329 3822 in

179 3859 273 3928 priore
293 3858 445 3927 Hippolyto
465 3857 521 3912 fuit
539 3857 584 3926 (ef.
603 3875 687 3926 supra
704 3875 732 3926 p.
753 3859 808 3926 35).

283 3946 404 4001 ²Verba
432 3943 517 4016 λόγον
538 3946 583 4000 vel
609 3942 706 4015 λόγους
733 3949 899 4018 προςφέρειν
925 3947 971 4001 vel
994 3951 1188 4019 προςπέμπειν
1215 3947 1329 4018 proprie

181 4034 350 4090 adhibentur
373 4035 403 4088 in
427 4036 529 4090 amoris
557 4034 761 4106 significatione
785 4036 843 4089 sive
861 4035 897 4090 ab
921 4035 981 4104 ipso
1000 4040 1126 4090 amatore
1144 4036 1203 4090 sivo
1221 4054 1272 4105 per
1290 4036 1328 4090 al·

183 4127 274 4178 teram
293 4140 440 4193 personam
460 4123 550 4192 faota3
576 4124 610 4179 of.
629 4127 697 4195 Arg.
718 4125 786 4178 Eur.
804 4124 879 4195 Hip,
899 4124 1031 4179 Parthen.
1054 4127 1095 4194 17,
1113 4128 1217 4180 Anton.
1236 4125 1329 4180 Liber.

180 4214 223 4281 34,
242 4212 372 4281 Apollod.
391 4212 427 4280 11,
446 4215 507 4267 3.2
537 4213 586 4281 ΙΙΙ,
607 4213 648 4266 13.
669 4216 693 4274 3,
722 4213 849 4284 Xenoph.
866 4213 968 4283 Ephes.
988 4213 1037 4281 111,
1059 4215 1092 4267 12
1121 4214 1168 4282 IV,
1188 4216 1213 4283 5,
1241 4213 1329 4284 Long.

180 4300 254 4355 Past.
268 4299 317 4363 ΙΙΙ,
333 4302 375 4353 26.
395 4330 422 4340 -
439 4299 554 4356 Lueian.
573 4301 648 4355 deor.
662 4300 727 4356 dial.
739 4300 783 4367 VI,
798 4304 829 4357 2:
850 4301 1022 4371 Ganymedes
1036 4304 1224 4357 amatorculus
1236 4303 1328 4373 primo

179 4383 304 4459 nugetur
323 4393 434 4443 tanturn
453 4407 516 4444 oum
531 4391 650 4459 Iunone;
668 4395 811 4460 postremo
832 4392 917 4446 etiam
936 4392 1020 4446 audet
1039 4379 1135 4462 λόγους
1153 4397 1328 4464 προςφέρειν.

182 4477 236 4532 Sed
254 4483 319 4533 ante
337 4478 559 4532 Alexandrinum
579 4482 689 4548 tempus
709 4481 866 4549 exemplum
884 4497 941 4534 non
959 4480 1061 4535 inveni.
