3142 5074
747 405 778 456 71

186 573 266 638 libro
296 572 348 652 (Χ,
372 573 433 637 298
454 574 514 656 eq.)
542 572 694 638 cantavit.
746 573 874 658 Myrrha
902 575 1010 658 igitur,
1044 576 1094 642 eui
1126 575 1191 658 ipse
1218 576 1336 661 Cupido

186 693 242 740 sua
264 675 327 740 tela
349 673 487 739 nocuisse
511 676 603 756 negat
626 695 654 739 v.
677 676 737 740 311
761 695 806 758 sq.
819 676 840 758 ¹,
873 677 910 740 ut
930 677 1072 742 Phaedra
1094 677 1148 755 (ci.
1166 679 1241 744 Eur.
1261 679 1335 762 Hip.

187 776 248 839 392
272 777 332 857 eq.)
353 775 442 840 foedo
464 775 563 840 amori
587 794 760 859 repugnare
781 777 886 842 studet
908 798 935 842 v.
959 779 1020 842 319
1043 797 1099 861 sq,
1121 779 1174 844 sed
1196 799 1266 844 mox
1288 780 1333 844 in-

187 875 270 940 cesta
292 876 365 940 vota
386 876 551 956 retractae
574 876 665 941 modo
687 877 810 942 sceleris
832 880 947 960 pastam
974 879 1047 944 ante
1070 878 1175 944 oeulos
1201 880 1335 963 positam

186 978 319 1061 effugere
347 978 424 1055 vult,
455 976 546 1041 modo
568 977 602 1041 in
629 995 663 1041 eo
691 978 747 1061 est,
779 979 815 1042 ut
841 979 925 1061 turpi
948 979 1113 1062 cupiditati
1137 998 1247 1045 manus
1272 981 1334 1047 det.

186 1077 238 1143 Sic
253 1079 336 1142 inter
358 1097 443 1160 spem
464 1079 495 1142 et
518 1077 724 1142 eonscientiae
745 1079 901 1144 cruciatus
924 1078 1057 1144 fluctuat
1077 1099 1176 1163 neque
1197 1081 1263 1146 ulla
1286 1100 1337 1147 ar-

185 1178 392 1261 gumentandi
424 1178 545 1243 ratione
578 1178 765 1242 consistendi
799 1178 902 1244 locum
935 1181 1068 1260 invenit;
1103 1181 1235 1264 denique
1260 1175 1335 1247 ‘nec
1442 1159 1446 1167 ¹

185 1278 295 1345 modus
320 1282 351 1345 et
372 1281 502 1362 requies,
537 1279 597 1344 nisi
627 1298 718 1357 mors,
754 1280 906 1362 reperitur
934 1281 1059 1345 amoris.
1103 1280 1187 1346 Mors
1217 1271 1334 1365 placet'

185 1401 214 1447 u.
239 1382 299 1445 378
321 1400 366 1463 sq.
393 1381 535 1446 Phaedra
556 1382 604 1446 ita
626 1380 720 1445 morti
743 1380 901 1462 praefatur
924 1381 997 1446 llur.
1019 1382 1092 1464 Hip.
1114 1402 1143 1448 v.
1166 1383 1227 1447 398
1250 1401 1313 1464 eqt

335 1525 374 1596 τὸ
397 1525 554 1614 δεύτερον
575 1530 610 1595 δὲ
631 1525 690 1619 τὴν
710 1531 822 1595 ἄνοιαν
844 1517 880 1595 εὖ
903 1529 1017 1616 φέρειν

251 1641 262 1654 ‘
333 1635 380 1719 τῷ
400 1637 586 1720 σωφρονεῖν
608 1635 734 1698 νικῶσα
755 1629 1016 1719 προυνσησάμην.

336 1734 448 1816 τρίτον
469 1735 508 1816 d',
530 1730 644 1822 ἐπειδὴ
668 1735 784 1800 τοισίδ’
808 1727 866 1801 οὐκ
889 1730 1040 1822 ἐξήνυτον

337 1831 471 1919 Κύπριν
492 1839 662 1922 κρατῆσαι,
685 1841 863 1901 κατθανεῖν
886 1833 980 1917 ἔδοξέ
999 1860 1058 1919 μοι

334 1933 570 2021 κράτιστον-
593 1929 700 2016 οὐδεὶς
721 1928 850 2018 σῖντερεῖ
874 1972 911 1982 -
934 1929 1174 2019 βουλευμάτων.

186 2091 286 2172 Quam
321 2090 471 2155 moriendi
506 2091 710 2172 cupiditatem
747 2089 856 2154 nutrix
886 2088 1028 2171 reprimit
1062 2087 1186 2171 quidem
1218 2090 1334 2170 postea.

184 2191 276 2275 Apud
302 2190 449 2257 Ovidium
485 2211 533 2256 res
565 2211 662 2275 usque
688 2191 727 2256 ad
752 2191 899 2273 laqueum
925 2190 1011 2254 yenit
1044 2208 1073 2256 v.
1102 2189 1162 2254 378
1189 2208 1250 2272 eq.;
1282 2190 1334 2255 sed

183 2293 287 2358 nutrix
309 2293 478 2357 intervenit
497 2313 542 2378 y.
563 2295 624 2357 382
645 2312 691 2374 sq.
723 2327 763 2338 —
794 2290 1011 2356 Perattantum
1042 2290 1147 2355 autem
1180 2289 1272 2354 velim
1304 2291 1335 2354 te

183 2393 288 2458 teneat
310 2411 345 2458 ea
368 2393 458 2472 ratio,
483 2412 545 2475 qua
560 2394 650 2476 poeta
666 2393 821 2457 nutricem
836 2391 1017 2474 desperandi
1032 2409 1158 2456 cansam
1174 2391 1204 2455 et
1220 2389 1335 2455 amoris

184 2493 403 2559 confessionem
429 2513 463 2558 en
485 2495 598 2576 puella,
628 2513 707 2576 quae
730 2495 766 2558 ut
788 2493 930 2558 Phaedra
953 2511 1090 2558 amorem
1113 2491 1333 2574 occultaverat,

184 2595 410 2678 exsculpentem
433 2597 592 2678 proponit;
615 2596 727 2678 quippe
742 2613 821 2678 quae
835 2594 1001 2659 manifesto
1018 2594 1057 2658 ab
1071 2592 1220 2674 Euripide
1240 2592 1334 2657 ducta

183 2695 234 2759 sit.
278 2695 394 2760 Nutrix
420 2696 503 2760 enim
533 2696 631 2760 instat
660 2696 796 2778 puellam
827 2714 950 2778 rogans,
984 2695 1021 2758 ut
1053 2693 1112 2758 sibi
1145 2693 1333 2774 committat,

185 2795 333 2878 quicquid
355 2795 459 2860 doleat
481 2815 510 2861 u.
534 2797 594 2860 391
617 2813 674 2876 sq,
707 2796 759 2860 sed
778 2794 850 2860 ‘illa
872 2796 1035 2878 rogantem
1060 2795 1202 2858 aversata
1221 2783 1334 2875 gemit’

183 2915 212 2960 v.
236 2895 297 2960 393
319 2915 364 2978 sq.
400 2895 452 2961 Sic
474 2897 615 2962 Phaedra
638 2897 752 2962 aeriter
773 2896 906 2961 instanti
927 2894 1044 2977 nutrici
1066 2893 1187 2976 gemitu
1208 2893 1333 2957 tantum

183 2995 346 3078 respondet
370 2997 443 3061 llnr.
461 2998 533 3081 Hip.
550 2999 626 3073 300;
650 2997 809 3062 Phaedrae
830 2997 911 3061 enim
934 2996 1028 3061 verba
1051 2995 1140 3059 sunt:
1163 2979 1190 3056 ὦ
1212 2985 1333 3056 τάλαιν’

184 3091 255 3179 ἐγώ.
300 3097 429 3163 Ovidius
452 3099 567 3181 pergit:
599 3097 700 3164 ‘certa
732 3098 778 3162 est
809 3097 967 3180 exquirere
998 3095 1103 3159 nutrix
1136 3095 1202 3159 Nec
1235 3094 1332 3158 solam

183 3197 331 3280 spondere
353 3188 472 3262 fidem'.
517 3197 684 3280 Euripides
710 3197 814 3262 nutrix
842 3196 972 3270 eandem
994 3195 1213 3260 confidentiam
1240 3195 1334 3260 habet

182 3317 220 3365 v.·
236 3301 315 3364 285:
338 3289 380 3362 ου’
403 3293 466 3384 μὴν
488 3287 598 3386 ἀνήσω
622 3297 647 3380 γ’
671 3287 747 3362 οὐδὲ
767 3299 822 3361 νῦν
844 3293 1047 3380 προθυμίας.
1085 3293 1163 3361 Orat
1178 3295 1234 3360 illa
1247 3295 1335 3377 puel·

183 3399 465 3482 Mamm

184 3587 382 3598 *—

283 3711 292 3743 ¹
311 3710 436 3765 Additur
455 3728 482 3763 v.
502 3708 554 3762 313
575 3725 631 3778 sq.:

380 3797 478 3866 stipite
496 3800 524 3851 te
544 3796 640 3868 Stygio
660 3797 831 3866 tumidisque
851 3797 966 3852 adflavit
985 3796 1110 3852 echidnis

382 3904 396 3941 e
415 3885 506 3940 tribus
525 3903 581 3940 una
599 3902 686 3940 soror.

183 3977 310 4030 Acumen
329 3975 384 4030 hoc
401 3992 468 4030 vere
486 3973 708 4028 Alexandrinum
727 3991 760 4028 ex
787 3961 883 4028 eadem
906 3972 1079 4042 imaginandi
1102 3971 1214 4026 ratione
1240 3973 1334 4025 ortum

182 4068 233 4130 est,
263 4081 297 4117 ex
319 4080 374 4131 qua
392 4062 494 4129 Erinys
513 4061 631 4115 thalami
655 4062 793 4131 pronuba,
822 4061 932 4124 similia.
970 4060 1011 4113 De
1036 4059 1136 4129 quibus
1165 4058 1200 4112 ef.
1220 4058 1333 4127 Dilthey

182 4151 235 4205 11.
259 4169 287 4221 p.
306 4153 350 4204 91.
373 4153 446 4205 Anu.
468 4149 532 4204 dell’
552 4149 620 4203 Inst.
642 4151 710 4204 1869
736 4167 763 4219 p.
782 4151 818 4202 24
836 4167 877 4218 eq.
896 4151 930 4200 42
950 4166 989 4217 sq.
1028 4147 1124 4201 Simile
1151 4146 1219 4216 quid
1245 4146 1333 4200 latere
1391 4160 1402 4179 ⁸

181 4240 293 4294 videtur
308 4224 340 4292 in
359 4238 482 4293 Choricii
501 4238 594 4292 verbis
616 4237 698 4292 foede
718 4238 854 4291 mutilatis
875 4255 937 4291 eam
962 4254 1099 4303 scaenam,
1128 4236 1159 4288 in
1184 4253 1239 4305 qna
1265 4252 1333 4288 anus

180 4328 362 4397 Hippolytum
381 4326 448 4389 adit,
468 4326 689 4380 describentibus
710 4325 809 4394 (Boias.
828 4343 856 4394 p.
878 4326 954 4394 165):
974 4318 1102 4377 ‘Iunctos
1121 4365 1127 4378 .
1147 4364 1152 4376 .
1173 4364 1179 4376 .
1200 4364 1205 4376 .
1230 4365 1235 4377 .
1261 4318 1332 4394 τάχα

182 4416 305 4488 συμβολῇ
320 4409 515 4486 συνεχόμενον,
534 4410 567 4467 ὃν
586 4409 634 4466 οὐκ
646 4407 739 4483 Ἔρως,
762 4411 799 4472 ὡς
816 4414 913 4478 ἔοικεν,
933 4408 991 4464 ἀλλ’
1008 4408 1127 4483 Ἐριννὺς
1140 4449 1230 4466 .....
