3142 5074
780 395 831 451 114

235 567 401 636 manifesto
423 567 589 632 denotatur
604 568 623 645 ¹,
657 567 693 632 ut
715 567 777 634 iem
801 586 971 633 asseverem
992 567 1073 634 hanc
1094 585 1238 635 scaenam
1261 568 1385 636 concla-

230 670 438 736 matissimum
459 668 554 733 luisse
575 669 606 732 et
628 669 765 734 omnium
789 669 957 734 memoriae
984 670 1153 736 inhaesisse
1164 674 1185 735 ².
1208 708 1248 720 -
1271 672 1383 737 Nonne

229 773 324 838 etiam
347 771 553 854 cognoscitur,
590 789 685 853 quam
708 771 890 853 praepotens
914 770 1060 836 cothurni
1085 771 1257 837 auctoritas
1278 772 1382 851 luerit,

229 874 255 938 si
288 873 375 955 pater
408 873 474 936 sine
506 871 571 938 ulla
606 871 802 936 dubitatione
836 870 924 936 uxori
961 871 1139 955 privignum
1177 873 1257 938 falso
1290 891 1383 938 accu-

230 974 312 1040 santi
335 972 426 1038 fidem
445 973 539 1039 hahet
562 973 762 1055 graviterque
786 972 886 1037 lilium
910 972 1070 1055 castigat?
1117 973 1271 1038 Narratur
1293 974 1383 1038 addit

231 1095 256 1142 c.
278 1075 341 1140 XI:
377 1067 424 1151 ὦς
444 1074 479 1139 δὲ
504 1069 729 1159 ἐνεπέπληντο
753 1077 813 1159 τῆς
838 1064 948 1159 ὀργῆς,
982 1063 1066 1139 ἄλλα
1089 1076 1144 1141 νῦν
1165 1097 1199 1159 ys
1228 1071 1320 1162 ἔφην,
1354 1060 1383 1140 ὦ

231 1168 346 1257 πάτερ,
378 1171 408 1239 εὶ
431 1170 549 1260 καὶμὴ
572 1169 746 1262 πρότερον,
779 1173 905 1252 δίκαιος
930 1167 971 1238 dv
998 1167 1068 1260 εἴην
1095 1169 1153 1260 τὴν
1185 1172 1291 1242 αἰτίαν
1315 1179 1383 1240 τῶν

230 1275 364 1360 πληγῶν
383 1270 574 1357 μανθάνειν.
598 1267 617 1340 ὃ
639 1275 675 1342 δὲ
695 1275 820 1358 μᾶλλον
842 1274 1067 1359 παροξυνθείς
1087 1268 1115 1340 dl
1135 1278 1194 1365 τῆς
1214 1273 1383 1360 εἰρωνείας

231 1375 327 1463 φησί·
359 1371 418 1453 τὰς
446 1371 582 1459 πράξεις
612 1377 715 1441 αὑτοῦ
744 1371 804 1454 τὰς
834 1369 969 1454 ἀνοσίας
1000 1375 1079 1460 παρ’
1112 1375 1193 1460 ἐμοῦ
1225 1372 1382 1459 βούλεται

230 1471 419 1566 μανθάνειν.
482 1477 649 1543 Simillime
680 1478 841 1560 Euripides
874 1497 1017 1545 scaenam
1051 1479 1221 1558 exornavit,
1253 1480 1287 1544 in
1320 1499 1382 1563 qua

232 1579 376 1661 Theseus,
411 1580 576 1661 postquam
608 1578 709 1644 filium
739 1582 914 1644 exsecratus
949 1579 1004 1659 est,
1038 1579 1253 1645 advenientem
1283 1598 1383 1663 neque

232 1679 403 1762 quidquam
425 1679 636 1762 suspicantem
657 1679 870 1744 vehementius
893 1681 1032 1763 increpat
1053 1680 1138 1764 (Hip.
1162 1681 1225 1745 916
1247 1683 1318 1764 sq.).

331 1781 419 1845 Unus
450 1780 488 1844 de
519 1780 629 1846 habitu
663 1781 694 1845 et
725 1781 837 1845 ornatu
867 1781 1031 1865 Hippolyti
1066 1781 1254 1865 relinquitur
1285 1783 1382 1860 locus,

231 1881 285 1963 qui
308 1880 348 1946 ad
370 1880 501 1946 Senecae
522 1880 662 1946 fabulam
685 1881 784 1946 denuo
808 1881 1061 1964 perscrutandam
1080 1900 1134 1946 nos
1150 1881 1382 1948 adhortabitur.

231 1979 390 2046 Audiatur
421 1981 521 2064 igitur
553 1983 743 2064 postremum
773 1980 909 2047 Onemon
938 2001 1068 2048 narrans
1096 2002 1122 2049 c.
1143 1982 1187 2047 X:
1220 1986 1379 2066 Παναθη-

333 2215 343 2248 ¹
361 2215 417 2270 Vix
435 2232 545 2270 neeesse
563 2219 606 2270 est
624 2215 777 2272 subnotare
794 2234 851 2272 non
870 2217 960 2288 ipsam
978 2219 1155 2290 tragoediam
1173 2219 1326 2275 Heliodoro
1345 2219 1382 2274 ad

232 2324 330 2361 manus
340 2305 433 2374 fuisse,
447 2303 495 2360 sed
509 2305 584 2373 quod
595 2304 700 2359 dudum
713 2306 823 2360 constat
836 2307 1019 2362 intervenisse
1029 2308 1248 2378 Alexandrinos3
1262 2325 1382 2378 quorum

232 2395 350 2466 vestigia
369 2395 539 2449 ornamentis
557 2395 708 2464 praecipue
726 2397 861 2466 impressa
879 2397 935 2450 alio
954 2397 1015 2452 loeo
1033 2397 1199 2451 adumbravi
1218 2397 1257 2467 (p.
1271 2399 1306 2451 64
1323 2398 1382 2466 sq.).

233 2485 272 2540 Ut
295 2502 361 2540 vero
386 2484 470 2538 etiam
495 2483 584 2554 magis
610 2489 745 2553 appareat
767 2503 800 2540 ex
823 2485 908 2540 simili
932 2486 1082 2556 archetypo
1101 2486 1215 2555 Apuleii
1236 2491 1265 2541 et
1287 2485 1381 2540 Helio-

232 2574 296 2628 dori
315 2572 424 2627 fabulas
442 2571 563 2640 fluxisse,
582 2571 717 2625 nonnulle
741 2572 827 2626 addo:
858 2573 1009 2642 utrobique
1028 2574 1125 2627 nutrix
1144 2573 1245 2628 omissa
1264 2577 1323 2642 est;
1350 2577 1383 2628 ut

232 2660 307 2730 apud
326 2659 476 2729 Apuleium
496 2674 601 2726 servus,
630 2659 671 2713 ita
689 2659 735 2715 hic
756 2678 837 2714 serva
854 2678 991 2716 novercae
1011 2662 1157 2716 calumniis
1177 2661 1334 2714 ministram
1353 2678 1383 2715 se

231 2746 361 2816 praebet;
386 2763 430 2800 res
449 2746 598 2815 utrobique
616 2747 646 2799 in
665 2746 799 2802 iudicium
817 2747 955 2804 adductae
973 2748 1035 2804 fuse
1053 2753 1216 2804 narrantur.
1250 2749 1383 2802 Iuvenem

231 2835 370 2890 insontem
393 2839 501 2889 remoto
526 2833 668 2890 iudicandi
693 2835 786 2890 taedio
815 2839 908 2892 cuncti
937 2838 1035 2892 iubent
1061 2836 1216 2907 ¹lapidibus
1247 2837 1381 2891 obrutum

231 2924 376 2994 publicum
393 2924 496 2976 malum
514 2923 626 2992 publice
643 2920 806 2995 vindiceri',
825 2930 857 2980 ut
874 2927 1010 2996 Apuleius
1023 2944 1046 2982 c.
1058 2926 1097 2981 VI
1108 2929 1217 2982 narrat.
1255 2925 1383 2980 Similem

231 3028 359 3067 scaenam
378 3010 545 3066 Heliodorus
564 3010 738 3068 describite.
757 3013 832 3067 XIII.

145 3167 148 3174 Ι
334 3101 345 3133 ²
363 3099 493 3154 Fortasse
511 3100 580 3155 haec
597 3101 658 3170 ipsa
676 3119 776 3157 scaena
794 3103 970 3173 agnoscenda
987 3106 1030 3158 est
1047 3103 1077 3157 in
1090 3103 1201 3175 pictura
1210 3100 1383 3170 Pompeiana

231 3188 462 3254 Helb.no.1300,
482 3205 553 3256 quae
571 3189 611 3244 sic
627 3188 796 3244 describitur
813 3190 858 3260 (cl.
869 3191 986 3261 Dilthey
1000 3191 1053 3246 Rh.
1071 3191 1142 3245 Mus.
1160 3189 1246 3255 XXV,
1262 3206 1290 3258 p.
1307 3191 1382 3255 ¹57i²

232 3277 330 3332 Puella
348 3277 378 3330 in
391 3273 482 3347 genua
493 3277 678 3345 procumbens
692 3278 856 3347 suppliciter
874 3279 1002 3334 dextram
1022 3279 1100 3338 tollit
1119 3279 1261 3333 sinistram
1273 3277 1383 3346 pectori

232 3366 390 3436 imponens3
409 3366 491 3420 vultu
508 3365 655 3435 desperato
675 3367 802 3421 intuetur
820 3367 960 3438 iuvenem,
980 3369 1029 3437 qui
1048 3368 1078 3421 in
1096 3366 1253 3451 vehsmpnti
1272 3370 1383 3420 tumore

232 3456 321 3511 oculis
348 3455 405 3509 late
429 3454 550 3507 diductis
572 3455 608 3508 ab
630 3454 678 3508 illa
701 3455 835 3526 aufugere
861 3455 974 3510 videtur
997 3455 1079 3510 simul
1098 3454 1225 3526 gladium
1243 3455 1269 3509 ei
1289 3455 1383 3508 inten-

232 3547 303 3598 tans.
328 3572 355 3582 -
377 3541 453 3610 Quae
472 3542 566 3597 omnia
584 3543 697 3613 egregie
716 3544 862 3598 concinere
881 3561 943 3598 cum
963 3561 1070 3610 scaena,
1088 3561 1173 3612 quam
1193 3543 1297 3598 Seneca
1318 3542 1382 3596 illu·

232 3637 314 3694 strat,
333 3632 492 3687 fabularum
511 3636 638 3686 auctores
656 3633 819 3702 respiciunt,
849 3633 921 3687 nihil
940 3651 1010 3703 opus
1028 3638 1070 3688 est
1088 3633 1219 3704 probare.
1266 3630 1382 3699 Tamen,

233 3722 299 3777 dum
320 3720 535 3776 delineationem
553 3721 598 3775 vel
617 3720 706 3789 ipsam
724 3721 865 3790 picturam
877 3720 983 3791 videro,
1001 3722 1137 3777 iudicium
1149 3722 1179 3775 iu
1191 3720 1284 3776 medio
1296 3719 1382 3774 relin-

234 3827 331 3879 quam3
358 3810 523 3878 praesertim
544 3826 607 3865 cum
627 3809 661 3864 de
678 3808 776 3880 figuris
794 3811 825 3864 in
842 3811 953 3881 picture
971 3815 1048 3866 retro
1067 3809 1165 3880 posItis
1189 3809 1315 3879 quaestio
1335 3807 1381 3862 slt.

233 3898 304 3953 Nam
323 3898 427 3969 Helbig
445 3902 644 3953 commemorat
663 3897 804 3968 feminam,
836 3915 907 3967 quae
932 3916 948 3953 e
970 3916 1051 3954 muro
1075 3916 1203 3954 scaenam
1226 3895 1382 3967 prospiciat

233 3990 261 4042 et
282 3986 337 4041 duo
355 3987 474 4042 obseura
496 3987 598 4056 capite,
627 3986 740 4058 Dilthey
760 3987 786 4053 (l.
805 3986 836 4057 l.)
854 4004 973 4056 puerum
996 3988 1163 4042 clamantem
1190 4002 1304 4040 manum
1327 3984 1381 4038 tol·

232 4075 336 4129 lentem
355 4079 384 4130 et
406 4093 527 4130 servum.
573 4073 649 4142 Quae
677 4093 734 4130 non
761 4080 820 4130 tam
847 4093 925 4130 meae
953 4074 1181 4145 interpretationi
1205 4074 1381 4141 obstrepunt,

234 4180 317 4232 quam
336 4163 461 4232 Diltheyi
487 4163 522 4218 de
540 4163 657 4232 Byblida
682 4162 848 4233 cogitantis3
876 4162 956 4231 adde,
987 4161 1062 4231 quod
1084 4166 1116 4216 ut
1138 4161 1217 4215 illam
1234 4160 1264 4213 in
1281 4176 1382 4214 scaena

232 4251 382 4320 principali
394 4268 538 4321 agnoscas,
557 4267 647 4320 neque
661 4249 778 4306 Ovidius
796 4268 887 4320 neque
904 4251 975 4304 alius
990 4253 1088 4305 auctor
1106 4247 1212 4304 suadet.
1248 4246 1308 4301 Alii
1326 4247 1382 4302 alia

232 4339 317 4393 etiam
336 4339 487 4393 incertiora
506 4339 713 4394 coniectarunt:
735 4339 838 4410 Helbig
854 4338 995 4392 Achillem
1012 4341 1041 4393 et
1059 4335 1235 4392 Deidamiam
1252 4334 1380 4404 putavit;

232 4427 384 4482 Minervini
402 4428 515 4497 (Bullet.
534 4427 656 4497 Napolit.
676 4428 690 4481 I
708 4445 736 4497 p.
758 4429 803 4494 75)
820 4428 990 4482 Alcmaeone
1008 4430 1037 4481 et
1054 4425 1218 4495 Eriphylen.
