3154 5076
789 395 824 446 58

232 565 341 629 molles
362 567 479 630 erectus
501 565 534 630 in
546 556 662 645 auras‘,
687 567 768 648 quod
792 567 902 632 notatu
917 566 1063 648 dignum;
1087 565 1160 648 quia
1175 564 1241 628 fieri
1257 563 1383 646 quidem

232 666 343 746 potuit,
375 667 411 728 ut
439 667 586 750 imaginis
615 667 787 732 recordatio
817 667 941 748 poetam
968 666 1008 730 ad
1038 666 1118 730 hanc
1143 665 1299 729 fictionem
1322 665 1383 727 im·

232 765 367 848 pelleret,
402 768 483 850 quod
514 768 545 830 in
573 768 783 854 Alexandrina
810 767 894 849 poesi
924 767 1008 830 haud
1040 767 1134 831 semel
1167 766 1286 830 factum
1319 784 1383 829 esse

234 867 365 931 constat.
411 868 493 932 Nam
509 868 605 932 simili
621 867 711 932 modo
735 868 845 932 emari
870 885 1028 949 emergens
1050 866 1103 931 ille
1128 868 1182 931 bos
1205 866 1307 948 pictus
1335 866 1382 930 est

189 1003 192 1008 -
231 968 264 1031 in
286 970 568 1050 repraesentatione
591 970 701 1034 mortis
724 969 886 1052 Hippolyti
909 969 943 1038 in
966 965 1038 1032 vase
1054 969 1156 1050 Apulo
1179 967 1310 1033 hundini
1331 965 1380 1032 as‘·

233 1071 354 1134 servato
370 1074 390 1144 ¹,
429 1071 511 1154 quod
545 1073 703 1153 praeterea
736 1070 872 1135 ostendit
905 1089 1054 1152 equorum
1088 1063 1209 1135 λύσσαν
1245 1069 1381 1134 humana

231 1171 331 1250 specie
366 1170 523 1251 indutam3
562 1173 643 1237 unde
674 1172 766 1236 facile
796 1191 945 1254 equorum
977 1171 1076 1236 furiae
1109 1171 1206 1254 repeti
1243 1171 1382 1253 possunt,

232 1290 250 1335 a
285 1271 398 1353 quibus
423 1271 553 1337 Ovidius
586 1274 683 1351 (last.
707 1273 764 1350 ΙΙΙ,
789 1275 864 1351 265)
895 1273 1018 1338 heroem
1052 1274 1190 1337 nostrum
1226 1272 1381 1354 direptum

233 1371 335 1453 lingit.
391 1373 517 1438 Tacitus
538 1376 651 1438 autem
688 1374 816 1456 quidam
849 1393 955 1438 sensus
993 1374 1115 1462 suadet,
1154 1374 1191 1436 ut
1222 1373 1316 1438 etiam
1349 1372 1381 1435 in

232 1473 397 1557 Hippolyti
430 1474 532 1539 verbis
561 1474 617 1541 Ov.
648 1475 709 1539 514
736 1493 796 1557 squ
830 1473 924 1539 ‘mihi
958 1493 1045 1540 mens
1078 1475 1224 1539 interrita
1256 1473 1382 1549 mansit,

233 1574 357 1640 Exsiliis
394 1576 539 1640 contenta
573 1576 647 1641 suis’
683 1576 929 1642 Alexandrinum
964 1577 1123 1642 auctorem
1157 1575 1255 1641 animi
1288 1574 1381 1640 affec·

232 1676 301 1740 tum
334 1676 549 1759 depingentem
585 1695 762 1760 agnoscam.
820 1677 929 1742 Potuit
962 1677 1088 1760 quidem
1124 1677 1188 1741 iam
1223 1676 1379 1760 tragicum

234 1781 388 1862 exemplar
420 1777 516 1842 simili
549 1779 730 1843 ornamento
764 1779 865 1842 locum
900 1777 983 1861 dare,
1017 1796 1085 1842 cum
1110 1776 1226 1844 Seneca
1248 1797 1277 1842 v.
1301 1777 1382 1842 1054

234 1881 339 1946 narret
361 1879 567 1964 Hippolytum
594 1879 694 1945 solum
723 1881 894 1944 immunem
924 1880 1009 1944 metu
1041 1878 1145 1944 luisse.
1188 1878 1226 1942 In
1258 1876 1382 1942 servata

235 1981 354 2048 Graeca
376 1982 483 2046 fabula
505 1981 584 2046 talia
606 1980 719 2045 desunt
730 1983 752 2046 ².
795 1982 899 2063 Ipsam
922 1980 1054 2062 denique
1083 1978 1238 2045 fabulam:
1271 1996 1382 2043 nover-

235 2103 288 2149 cae
307 2101 444 2149 amorem
466 2081 525 2146 lilii
546 2081 706 2163 virtutem,
723 2083 814 2166 poeta
830 2083 989 2148 Romanus
1010 2082 1041 2145 in
1066 2081 1290 2164 perangustum
1305 2097 1382 2162 pau-

235 2205 340 2251 corum
375 2201 518 2249 versuum
553 2185 629 2265 (500
658 2182 717 2266 sq.)
749 2184 902 2249 ambitum
936 2182 1091 2248 coartavit
1124 2180 1233 2246 subtili
1260 2181 1322 2245 fere
1352 2179 1382 2243 et

234 2287 391 2370 cogitatae
412 2285 561 2350 brevitati
583 2285 724 2359 studeam
749 2303 847 2366 neque
869 2285 900 2348 iu
923 2303 957 2348 ec
980 2284 1019 2348 ab
1041 2283 1207 2364 exemplari
1229 2280 1381 2358 recedens,

233 2387 386 2470 siquidem
408 2388 531 2468 poetam
556 2384 758 2468 Cyrenensem
782 2387 889 2449 notum
913 2386 959 2449 est
980 2385 1012 2448 in
1044 2384 1222 2449 fabularum
1252 2381 1383 2464 popula·

233 2489 314 2553 rium
337 2487 548 2553 illustratione
575 2487 737 2552 brevitatis
768 2506 858 2552 suum
891 2487 1089 2569 praeceptum
1123 2503 1217 2567 quam
1250 2482 1382 2548 maxime

234 2589 411 2654 observasse
422 2591 444 2652 ³.
488 2589 598 2670 ltaque
621 2588 880 2654 verisimillimum
904 2590 950 2652 est
972 2607 1007 2652 ex
1028 2587 1135 2653 ecdem
1160 2584 1295 2649 similive
1309 2583 1382 2649 Ale·

233 2689 385 2755 rendrino
408 2689 493 2755 fonte
509 2688 735 2754 Philostratum
759 2689 897 2754 hausisse
919 2688 1058 2754 tabulam
1080 2688 1128 2751 his
1150 2679 1284 2751 breviter
1299 2703 1382 2750 com-

232 2790 470 2875 prehendentem
491 2789 575 2868 (Scn.
592 2792 691 2873 lmag.
707 2791 748 2868 II,
771 2792 819 2870 4)ss
842 2783 982 2873 μητρυιὰ
1005 2784 1065 2872 γὰρ
1083 2785 1209 2870 Φαίδρα
1224 2787 1383 2867 §cadaloc

231 2891 328 2975 λόγον
349 2889 401 2956 ἐπ’
421 2881 513 2976 αὐτῷ
537 2893 599 2956 οὐκ
622 2880 708 2969 ὄντα,
732 2888 776 2967 ὥς
797 2886 836 2978 δὴ
852 2889 955 2976 ἐρῷτο
971 2883 1037 2953 ὑπὸ
1054 2889 1114 2953 τοῦ
1128 2881 1326 2952 Ἱππολύτου
1341 2922 1379 2931 -

233 2985 313 3077 αὐτῇ
341 2992 377 3058 δὲ
408 2982 471 3076 ἄρα
502 2995 561 3058 τοῦ
588 2990 757 3074 μειρακίου
784 2981 848 3074 ἤρα
885 3028 919 3036 -
954 2981 1120 3054 desuadeas
1143 2983 1161 3053 ὁ
1187 2982 1313 3072 &naenig
1334 2987 1382 3072 τῷ

234 3177 432 3184 ,-.-

334 3282 344 3313 ¹
365 3280 406 3336 ef.
424 3281 524 3336 Kdrte:
544 3280 681 3336 Personif.
701 3281 796 3351 psych.
815 3279 916 3335 Affect.
936 3281 952 3334 i.
973 3280 999 3334 d.
1020 3279 1083 3334 Vas.
1102 3279 1169 3334 Mal.
1190 3296 1217 3348 p.
1231 3279 1265 3333 36
1279 3294 1319 3346 aq.
1349 3277 1382 3330 In

234 3371 398 3426 memoriam
409 3387 523 3424 revoces
533 3370 719 3439 Antiphilum;
737 3370 785 3438 qui
794 3369 879 3439 primi
891 3368 1046 3422 Ptolemaei
1061 3367 1119 3422 fere
1132 3367 1306 3436 temporibus
1316 3366 1381 3419 Ale-

233 3459 368 3514 xandriae
387 3459 485 3513 floruit
503 3458 622 3512 Brunnii
641 3458 744 3512 iudicio
764 3457 1003 3527 (Kiinstlcrgcsch.
1023 3457 1049 3510 lI
1071 3473 1098 3526 p.
1111 3457 1165 3524 249
1188 3456 1240 3524 sq.)
1259 3454 1382 3524 pinxisse

232 3546 434 3619 ‘Hippolytum
447 3552 545 3602 tauro
560 3548 681 3601 emisso
695 3545 929 3616 expavescentem’
939 3550 987 3614 ,ut
998 3546 1105 3600 Plinius
1118 3544 1271 3615 (Natffist.
1277 3542 1381 3597 XXXV

236 3637 296 3707 114)
315 3641 442 3691 testatur.
473 3666 504 3675 —
534 3636 631 3690 Brunn
649 3636 684 3689 de
704 3636 756 3689 hac
774 3635 885 3703 pictura
905 3635 1049 3703 disputans
1067 3651 1216 3704 perperam
1234 3633 1269 3686 ad
1287 3633 1382 3686 Philo·
1415 3700 1418 3707 Ι

235 3730 356 3780 stratum
373 3725 447 3794 (Seu.
466 3723 552 3794 lmag.
572 3725 608 3790 ΙΙ,
628 3725 654 3790 4)
672 3724 836 3792 provocavit
856 3724 874 3776 l.
894 3724 922 3789 l.,
942 3722 1076 3778 Fleckeis.
1096 3721 1191 3791 Suppl.
1211 3720 1249 3774 IV
1267 3738 1294 3790 p.
1314 3722 1383 3789 2183

234 3814 268 3869 ef.
288 3814 465 3869 Friederichs
483 3814 509 3868 d.
528 3813 691 3867 Philostrat.
711 3812 783 3866 Bild.
802 3830 829 3881 p.
851 3814 885 3866 73
905 3811 1039 3866 Fleckeis.
1060 3809 1156 3880 Suppl.
1176 3810 1200 3864 V
1219 3825 1245 3878 p.
1268 3809 1326 3862 161.

335 3903 409 3956 ²Ex
433 3902 594 3958 Callimachi
617 3900 784 3972 fragmentis
807 3901 843 3954 ad
865 3901 937 3954 hanc
964 3899 1112 3968 Hippolyti
1136 3898 1235 3952 mortis
1260 3896 1382 3966 descrip-

233 3992 338 4047 tionem
362 3989 465 4045 referri
489 3991 577 4058 possit
600 3990 657 4061 frg.
685 4007 765 4044 anon.
791 3991 840 4044 136
869 3989 962 4059 (Schn.
986 3989 1013 4042 II
1036 4005 1063 4056 p.
1083 3987 1160 4057 738):
1189 3978 1251 4055 ὦρτ’
1276 3987 1307 4042 ἐν
1328 3984 1384 4056 μὲν

232 4084 307 4152 μέγα
326 4080 408 4152 κῦμα.

333 4166 613 4235 ³uf.1)sstheyl.1.
633 4183 659 4236 p.
681 4167 714 4218 24
734 4183 774 4234 sq.
805 4195 836 4203 -
865 4164 910 4218 Sic
929 4165 958 4218 in
977 4165 1081 4219 Hecale
1103 4168 1187 4232 poeta
1207 4162 1315 4231 Scyllae
1339 4161 1381 4215 fa·

233 4257 328 4310 hulam
344 4256 463 4311 fortasse
481 4257 576 4327 paucis
596 4256 717 4311 absolvit
736 4255 782 4324 (cf.
797 4254 890 4308 Naeke
903 4255 921 4307 l.
934 4255 951 4307 l.
969 4271 997 4322 p.
1012 4254 1058 4322 62)
1075 4257 1104 4308 et
1123 4252 1238 4306 Ovidius
1257 4250 1382 4304 fabulam

233 4344 268 4400 de
285 4344 444 4400 Minotauro
464 4351 492 4400 et
512 4344 635 4400 Ariadna
658 4344 756 4415 paucis
782 4360 914 4397 enarrans
943 4342 1022 4411 (Met.
1043 4342 1117 4408 VIII,
1140 4343 1189 4395 171
1210 4340 1260 4411 sq.)
1287 4337 1383 4409 potuit

233 4433 396 4494 Callimachi
414 4435 573 4506 exemplum
592 4434 669 4504 sequi
690 4433 737 4504 (cf.
758 4432 855 4487 Rauch
875 4431 893 4484 l.
912 4432 931 4484 l.
950 4449 976 4501 p.
997 4429 1051 4500 54).
