3142 5074
747 435 783 488 97

187 603 366 669 constructa
393 605 435 670 sit
464 624 499 670 ex
529 605 645 672 fabulis
666 607 844 690 praedictis,
878 627 1057 692 quanquam
1086 609 1233 675 historiae
1259 609 1340 676 ueri-

185 707 285 771 tatem
308 707 399 788 capt
381 707 423 772 t
467 707 654 772 Parthenius
676 709 784 790 igitur
807 710 894 774 cuius
915 712 1025 776 auctor
1047 710 1135 794 quod
1154 731 1215 776 non
1237 712 1337 776 nomi-

185 808 293 885 natur,
315 826 406 888 aegre
427 807 587 872 ferendum
608 809 684 887 esth
708 809 859 874 narratl.
883 811 903 874 l.
926 811 1033 875 XVII.
1065 811 1206 895 Λέγεται
1228 811 1264 875 δὲ
1282 835 1334 876 και

186 905 390 1030 Περίανδρον
422 901 481 972 τόν
513 906 696 991 Κορίνθιον
732 933 790 996 τιν
821 909 881 992 μὲν
914 905 1014 997 ἀρχὴν
1045 909 1175 994 ἐπιεικῆ
1210 935 1246 976 τε
1284 935 1337 976 και

185 1011 294 1099 πρᾷον
308 999 401 1087 εἶναι,
426 1003 564 1092 ν’στερον
586 1008 622 1074 δὲ
643 1008 871 1097 φονικώτατον
886 1012 1040 1096 γενέσθαι
1054 1013 1095 1076 δι’
1112 1009 1218 1077 αἰτίαν
1232 1008 1337 1100 τήνδε.

183 1104 203 1196 ἡ
228 1100 343 1196 μήτηρ
375 1100 477 1174 αὐτοῦ
509 1111 627 1198 κομιδῇ
662 1110 735 1174 νέου
771 1111 885 1174 ιιολλιῦ
914 1107 1045 1199 [πόθῳ]
1072 1112 1248 1194 κατείχετο,
1282 1114 1337 1177 καὶ

183 1209 266 1287 τέως
282 1201 398 1292 [yte'o]’
378 1233 488 1292 ανεπιρ
469 1209 662 1274 ἰπλατο
623 1235 681 1298 της
697 1211 840 1277 ἐπιθτ’
801 1236 878 1294 pecc
893 1213 1116 1296 aeprateaoy'
1074 1238 1154 1298 yearly
1170 1239 1216 1299 τῳ
1200 1213 1336 1280 παιδί.

184 1309 362 1393 προϊόντος
388 1309 424 1376 δὲ
453 1312 512 1375 τοῦ
535 1306 653 1394 χρόνον
682 1311 721 1376 τό
752 1309 868 1391 πάθος
898 1313 954 1378 ἐπὶ
982 1315 1097 1396 μεῖζον
1126 1305 1255 1399 ηὔξετο,
1285 1316 1336 1379 καὶ

182 1412 327 1494 κατέχειν
358 1407 417 1498 τὴν
453 1405 551 1477 νόσον
583 1403 695 1477 oriatur
729 1412 782 1478 οἵα
816 1437 852 1478 τε
891 1401 943 1499 ἦν,
981 1411 1043 1493 ἕως
1075 1406 1334 1502 άποτολμήσασα

182 1513 367 1600 προσφέρει
388 1508 505 1598 λόγους
531 1515 579 1599 τῷ
613 1514 708 1578 παιδὶ
739 1508 785 1592 ὦς
817 1507 920 1578 αὐτοῦ
953 1511 1029 1600 γονή
1064 1539 1114 1594 τις
1148 1515 1233 1604 ἐρῴη
1267 1517 1335 1582 τῶν

184 1611 268 1680 πάνυ
297 1615 414 1693 καλιῦν,
445 1609 623 1695 παρεκάλει
650 1638 686 1680 τε
713 1607 812 1679 αὐτόν
836 1612 880 1701 μὴ
907 1619 1066 1698 περιορᾶν
1092 1609 1192 1701 αὐτὴν
1218 1641 1333 1700 περαι-

182 1717 267 1801 τέρω
290 1715 591 1801 καταξαινομὲνηνὲ.
616 1753 657 1762 -
679 1718 901 1800 Ingravescens
922 1718 955 1783 in
978 1719 1043 1784 dies
1064 1720 1167 1785 taetra
1190 1720 1333 1802 voluptas

183 1819 342 1903 animique
357 1818 534 1902 aegrotatio
556 1819 648 1883 solito
671 1837 756 1883 moro
778 1817 971 1885 describitur.
1015 1821 1125 1886 Libido
1147 1824 1252 1886 autem
1273 1821 1334 1902 pri-

183 1941 234 1986 mo
257 1921 370 1987 osculis
392 1922 537 1997 satiatur,
558 1921 593 1985 ut
609 1920 716 2002 Byblis
737 1939 799 1984 non
819 1913 961 2002 ‘peccaro
982 1922 1083 2004 putat,
1107 1920 1189 2004 quod
1212 1922 1333 2004 saepius

183 2022 288 2087 oscula
310 2012 440 2105 iungat’
464 2021 534 2100 (Oa.
557 2021 632 2085 Met.
656 2020 710 2100 IX,
733 2021 819 2101 458),
842 2040 903 2104 quo
928 2022 997 2085 loco
1018 2021 1081 2086 iam
1105 2022 1144 2086 ad
1168 2021 1335 2086 Cremonis

182 2123 324 2188 fabulam
353 2122 493 2206 delegari
526 2124 570 2205 (p.
593 2125 658 2202 65).
705 2123 839 2204 Reliqua
861 2123 900 2187 ad
922 2122 1067 2206 Myrrhae
1089 2123 1262 2204 exemplum
1284 2123 1333 2186 iu·

183 2228 278 2291 venta
299 2245 363 2290 esse
392 2227 461 2290 luce
486 2223 600 2288 clarius
622 2225 677 2288 est.
720 2224 953 2306 Peropportune
975 2224 1080 2288 autem
1103 2222 1227 2302 accidit,
1252 2222 1333 2306 quod

182 2325 336 2392 Ouidiano
357 2327 426 2391 loco
449 2325 536 2406 (Met.
552 2325 591 2403 X,
612 2326 697 2404 440),
719 2342 780 2407 quo
802 2324 947 2407 Myrrhae
968 2324 1074 2388 nutrix
1095 2324 1216 2407 puellae
1237 2325 1332 2388 inter·

182 2428 301 2510 positae
317 2427 427 2493 taciem
442 2426 552 2491 laudat
563 2425 616 2506 (cl.
630 2443 722 2506 supra
735 2444 764 2507 p.
777 2425 839 2504 80),
856 2425 989 2489 similem
1005 2425 1066 2489 iam
1083 2425 1237 2500 tenemus;
1260 2443 1329 2488 cum

182 2527 344 2593 Periandri
356 2529 456 2592 mater
468 2525 594 2590 simulet
606 2527 742 2607 puellam
755 2527 821 2588 τῶν
836 2519 920 2588 πάνυ
936 2524 1044 2588 καλῶν
1056 2525 1114 2590 filii
1132 2526 1327 2592 concubitum

183 2630 329 2711 expetere.
373 2629 454 2694 Item
480 2626 618 2692 inchoati
641 2627 831 2691 narrationis
858 2625 905 2690 fili
926 2627 1104 2708 pertexendi
1125 2628 1207 2692 ratio
1229 2627 1262 2691 in
1285 2646 1332 2692 se-

181 2730 346 2812 quentihus
362 2728 487 2810 planca
503 2727 647 2810 Myrrhae
669 2726 774 2791 fabula
798 2726 938 2792 derivata
961 2728 1016 2791 est.
1061 2727 1227 2810 Stipulatis
1249 2727 1331 2792 enirn

180 2832 305 2912 propter
326 2830 447 2912 puellae
469 2829 695 2906 verecundiam,
719 2830 809 2893 nocto
831 2847 869 2893 ne
890 2830 996 2894 lumen
1015 2828 1233 2893 accenderetur
1256 2847 1330 2893 neve

181 2949 351 2996 sermonem
374 2931 534 3008 haherent,
558 2931 677 3012 expleta
699 2930 807 2995 multis
829 2930 973 2994 noctibus
995 2928 1176 3010 cupiditate,
1196 2929 1249 2994 ubi
1271 2931 1331 2994 cri·

180 3049 252 3094 men
267 3031 458 3113 patefactum
474 3032 520 3095 est
535 3029 591 3094 filii
611 3031 763 3096 aviditate
785 3030 954 3114 spectandi,
977 3049 1048 3098 oum
1064 3047 1126 3112 qua
1148 3027 1332 3092 concubuis-

182 3135 238 3208 set,
275 3131 381 3214 gladio
408 3131 516 3195 stricto
538 3131 593 3194 ille
622 3132 753 3196 matrem
784 3133 924 3214 persequi
946 3131 1047 3212 parat,
1081 3129 1132 3194 sed
1157 3129 1330 3192 deterretur

181 3225 251 3295 όπό
274 3253 362 3308 τινος
384 3229 554 3313 δαιμονίου
575 3224 815 3317 φαντάσματος,
840 3232 875 3295 ut
890 3231 1078 3296 Parthenius
1101 3229 1187 3295 dicit.
1230 3228 1331 3294 Mater

179 3429 379 3438 ——

284 3557 293 3588 ¹
311 3555 441 3610 Laertius
459 3555 599 3626 Diogenes
617 3556 639 3624 1,
657 3556 692 3610 96
711 3555 745 3609 de
763 3553 930 3608 Periandro:
958 3556 1032 3618 Φησὶ
1056 3551 1087 3605 δὲ
1109 3547 1282 3621 Ἀρίστιππος
1300 3550 1331 3602 ἐν

180 3642 279 3716 πρώτῳ
298 3650 368 3714 Περὶ
387 3649 504 3705 παλαιᾶς
520 3646 624 3716 τρυφῆς
644 3649 706 3714 περὶ
725 3640 806 3698 αὐτοῦ
824 3638 897 3712 τάδε,
917 3640 953 3701 ὠς
971 3636 1023 3710 άρα
1043 3643 1194 3712 ἐρασθεῖσα
1212 3634 1329 3710 ἡμήτορ

180 3731 262 3788 αὐτοῦ
279 3729 405 3802 Κράτεια,
426 3735 510 3800 συνῆν
529 3730 602 3802 αὐτῷ
620 3727 722 3802 λάθρα*
741 3734 787 3785 καὶ
805 3727 835 3790 ὃς
853 3727 941 3797 ἥδετο.
978 3730 1104 3800 Φανεροῦ
1125 3729 1156 3782 δὲ
1177 3731 1330 3798 γενομένου

179 3819 262 3894 βαρὺς
280 3822 367 3875 πᾶσιν
385 3823 493 3892 ἐγένετο
513 3819 558 3874 διὰ
577 3819 606 3874 τὸ
626 3817 721 3890 ἀλγεῖν
739 3822 786 3874 ἐπὶ
801 3821 833 3893 τῇ
852 3814 940 3892 (pcipe.
964 3818 1003 3872 Cf.
1018 3819 1137 3872 Mueller
1149 3817 1180 3870 F.
1201 3815 1233 3868 ll.
1249 3816 1281 3869 G.
1301 3816 1326 3869 Il

179 3929 206 3980 p.
218 3913 261 3965 79.
287 3911 425 3980 Aristippi
444 3911 512 3965 haee
529 3910 674 3964 mendacia
692 3910 777 3964 tertio
796 3909 906 3962 saeculo
925 3925 1045 3976 procusa
1064 3925 1122 3960 esse
1140 3905 1328 3959 Wilamowitz
1353 3975 1356 3984 Ι

179 4000 382 4054 demonstravit
411 3999 518 4069 (Antig.
542 4017 568 4053 v.
592 3999 703 4066 Karyst.
730 3997 868 4066 Philolog.
890 3995 1000 4050 Unters.
1021 3994 1059 4049 IV
1084 4012 1111 4064 p.
1130 3995 1165 4046 48
1184 4011 1224 4060 sq.
1254 3990 1328 4045 ιΕἰο

179 4107 253 4144 zwar
271 4089 370 4143 hiichst
388 4087 647 4156 niedertr'dehtiges.
677 4087 776 4140 hdchst
795 4083 1067 4155 unglaubwiirdiges,
1095 4083 1162 4136 aher
1182 4082 1222 4134 als
1241 4081 1327 4150 Beleg

178 4175 225 4229 fiir
244 4172 289 4230 die
310 4176 469 4246 Stimmung
487 4175 649 4228 seinerZeit
666 4175 770 4228 hdchst
774 4157 862 4228 sch'at
864 4170 1103 4226 abaresSchriftst
1064 4166 1189 4235 cr.riok’)
1208 4168 1325 4222 Erravit

178 4264 325 4320 Nietzsche
343 4264 409 4332 (lah.
428 4264 498 4317 Mus.
518 4263 655 4332 XXle.
674 4263 746 4332 202)

280 4352 403 4407 ²Verba
429 4352 507 4406 uncia
527 4350 669 4404 inclusa
662 4368 691 4402 rn
724 4351 818 4405 codice
846 4350 958 4418 desunt3
990 4349 1169 4402 inseruerunt
1198 4346 1267 4400 Gale
1297 4347 1326 4397 et

178 4441 314 4494 Meineke.

1112 4525 1128 4576 7
